%YAML 1.1
%TAG !u! tag:unity3d.com,2011:
--- !u!1 &7202835888840628488
GameObject:
  m_ObjectHideFlags: 0
  m_CorrespondingSourceObject: {fileID: 0}
  m_PrefabInstance: {fileID: 0}
  m_PrefabAsset: {fileID: 0}
  serializedVersion: 6
  m_Component:
  - component: {fileID: 5966248075389541365}
  - component: {fileID: 6386571780004328631}
  m_Layer: 5
  m_Name: ButtonsFrame
  m_TagString: Untagged
  m_Icon: {fileID: 0}
  m_NavMeshLayer: 0
  m_StaticEditorFlags: 0
  m_IsActive: 1
--- !u!224 &5966248075389541365
RectTransform:
  m_ObjectHideFlags: 0
  m_CorrespondingSourceObject: {fileID: 0}
  m_PrefabInstance: {fileID: 0}
  m_PrefabAsset: {fileID: 0}
  m_GameObject: {fileID: 7202835888840628488}
  m_LocalRotation: {x: -0, y: -0, z: -0, w: 1}
  m_LocalPosition: {x: 0, y: 0, z: 0}
  m_LocalScale: {x: 1, y: 1, z: 1}
  m_ConstrainProportionsScale: 0
  m_Children:
  - {fileID: 2106555685142927836}
  - {fileID: 2199817696771906611}
  - {fileID: 5118531825659513545}
  - {fileID: 2170909668594610739}
  - {fileID: 1947595329310623742}
  - {fileID: 2550411217873304977}
  - {fileID: 7646287609583040976}
  m_Father: {fileID: 3233061597700711701}
  m_LocalEulerAnglesHint: {x: 0, y: 0, z: 0}
  m_AnchorMin: {x: 0.087000005, y: 0}
  m_AnchorMax: {x: 1, y: 1}
  m_AnchoredPosition: {x: -0.35009766, y: 0}
  m_SizeDelta: {x: 0.7003021, y: 0}
  m_Pivot: {x: 0.5, y: 0.5}
--- !u!114 &6386571780004328631
MonoBehaviour:
  m_ObjectHideFlags: 0
  m_CorrespondingSourceObject: {fileID: 0}
  m_PrefabInstance: {fileID: 0}
  m_PrefabAsset: {fileID: 0}
  m_GameObject: {fileID: 7202835888840628488}
  m_Enabled: 1
  m_EditorHideFlags: 0
  m_Script: {fileID: 11500000, guid: 59f8146938fff824cb5fd77236b75775, type: 3}
  m_Name: 
  m_EditorClassIdentifier: 
  m_Padding:
    m_Left: 0
    m_Right: 0
    m_Top: 0
    m_Bottom: 0
  m_ChildAlignment: 3
  m_Spacing: 0
  m_ChildForceExpandWidth: 1
  m_ChildForceExpandHeight: 0
  m_ChildControlWidth: 1
  m_ChildControlHeight: 0
  m_ChildScaleWidth: 0
  m_ChildScaleHeight: 0
  m_ReverseArrangement: 0
--- !u!1001 &499533185413704731
PrefabInstance:
  m_ObjectHideFlags: 0
  serializedVersion: 2
  m_Modification:
    serializedVersion: 3
    m_TransformParent: {fileID: 5966248075389541365}
    m_Modifications:
    - target: {fileID: 520609022907938897, guid: c178bf9a374c181b58ef9a1a80625550,
        type: 3}
      propertyPath: m_StringReference.m_TableEntryReference.m_KeyId
      value: 1407072043462656
      objectReference: {fileID: 0}
    - target: {fileID: 520609022907938897, guid: c178bf9a374c181b58ef9a1a80625550,
        type: 3}
      propertyPath: m_UpdateString.m_PersistentCalls.m_Calls.Array.size
      value: 1
      objectReference: {fileID: 0}
    - target: {fileID: 520609022907938897, guid: c178bf9a374c181b58ef9a1a80625550,
        type: 3}
      propertyPath: m_StringReference.m_TableReference.m_TableCollectionName
      value: GUID:5efc5b5024dcd934797a8edc18bdea35
      objectReference: {fileID: 0}
    - target: {fileID: 520609022907938897, guid: c178bf9a374c181b58ef9a1a80625550,
        type: 3}
      propertyPath: m_UpdateString.m_PersistentCalls.m_Calls.Array.data[0].m_Mode
      value: 0
      objectReference: {fileID: 0}
    - target: {fileID: 520609022907938897, guid: c178bf9a374c181b58ef9a1a80625550,
        type: 3}
      propertyPath: m_UpdateString.m_PersistentCalls.m_Calls.Array.data[0].m_Target
      value: 
      objectReference: {fileID: 5427770803181909982}
    - target: {fileID: 520609022907938897, guid: c178bf9a374c181b58ef9a1a80625550,
        type: 3}
      propertyPath: m_UpdateString.m_PersistentCalls.m_Calls.Array.data[0].m_CallState
      value: 1
      objectReference: {fileID: 0}
    - target: {fileID: 520609022907938897, guid: c178bf9a374c181b58ef9a1a80625550,
        type: 3}
      propertyPath: m_UpdateString.m_PersistentCalls.m_Calls.Array.data[0].m_MethodName
      value: set_text
      objectReference: {fileID: 0}
    - target: {fileID: 520609022907938897, guid: c178bf9a374c181b58ef9a1a80625550,
        type: 3}
      propertyPath: m_UpdateString.m_PersistentCalls.m_Calls.Array.data[0].m_TargetAssemblyTypeName
      value: TMPro.TMP_Text, Unity.TextMeshPro
      objectReference: {fileID: 0}
    - target: {fileID: 520609022907938897, guid: c178bf9a374c181b58ef9a1a80625550,
        type: 3}
      propertyPath: m_UpdateString.m_PersistentCalls.m_Calls.Array.data[0].m_Arguments.m_ObjectArgumentAssemblyTypeName
      value: UnityEngine.Object, UnityEngine
      objectReference: {fileID: 0}
    - target: {fileID: 3382917114421442292, guid: c178bf9a374c181b58ef9a1a80625550,
        type: 3}
      propertyPath: m_Name
      value: QRCode
      objectReference: {fileID: 0}
    - target: {fileID: 5601882003898014661, guid: c178bf9a374c181b58ef9a1a80625550,
        type: 3}
      propertyPath: m_text
      value: QR
      objectReference: {fileID: 0}
    - target: {fileID: 6509434922651317307, guid: c178bf9a374c181b58ef9a1a80625550,
        type: 3}
      propertyPath: m_Sprite
      value: 
      objectReference: {fileID: 21300000, guid: d8158706235923aea8cc8abb35d52136,
        type: 3}
    - target: {fileID: 6509434922651317307, guid: c178bf9a374c181b58ef9a1a80625550,
        type: 3}
      propertyPath: m_PreserveAspect
      value: 1
      objectReference: {fileID: 0}
    - target: {fileID: 7850795427790099915, guid: c178bf9a374c181b58ef9a1a80625550,
        type: 3}
      propertyPath: m_Pivot.x
      value: 0.5
      objectReference: {fileID: 0}
    - target: {fileID: 7850795427790099915, guid: c178bf9a374c181b58ef9a1a80625550,
        type: 3}
      propertyPath: m_Pivot.y
      value: 0.5
      objectReference: {fileID: 0}
    - target: {fileID: 7850795427790099915, guid: c178bf9a374c181b58ef9a1a80625550,
        type: 3}
      propertyPath: m_RootOrder
      value: 6
      objectReference: {fileID: 0}
    - target: {fileID: 7850795427790099915, guid: c178bf9a374c181b58ef9a1a80625550,
        type: 3}
      propertyPath: m_AnchorMax.x
      value: 0
      objectReference: {fileID: 0}
    - target: {fileID: 7850795427790099915, guid: c178bf9a374c181b58ef9a1a80625550,
        type: 3}
      propertyPath: m_AnchorMax.y
      value: 1
      objectReference: {fileID: 0}
    - target: {fileID: 7850795427790099915, guid: c178bf9a374c181b58ef9a1a80625550,
        type: 3}
      propertyPath: m_AnchorMin.x
      value: 0
      objectReference: {fileID: 0}
    - target: {fileID: 7850795427790099915, guid: c178bf9a374c181b58ef9a1a80625550,
        type: 3}
      propertyPath: m_AnchorMin.y
      value: 1
      objectReference: {fileID: 0}
    - target: {fileID: 7850795427790099915, guid: c178bf9a374c181b58ef9a1a80625550,
        type: 3}
      propertyPath: m_SizeDelta.x
      value: 2137.12
      objectReference: {fileID: 0}
    - target: {fileID: 7850795427790099915, guid: c178bf9a374c181b58ef9a1a80625550,
        type: 3}
      propertyPath: m_SizeDelta.y
      value: 120
      objectReference: {fileID: 0}
    - target: {fileID: 7850795427790099915, guid: c178bf9a374c181b58ef9a1a80625550,
        type: 3}
      propertyPath: m_LocalPosition.x
      value: 0
      objectReference: {fileID: 0}
    - target: {fileID: 7850795427790099915, guid: c178bf9a374c181b58ef9a1a80625550,
        type: 3}
      propertyPath: m_LocalPosition.y
      value: 0
      objectReference: {fileID: 0}
    - target: {fileID: 7850795427790099915, guid: c178bf9a374c181b58ef9a1a80625550,
        type: 3}
      propertyPath: m_LocalPosition.z
      value: 0
      objectReference: {fileID: 0}
    - target: {fileID: 7850795427790099915, guid: c178bf9a374c181b58ef9a1a80625550,
        type: 3}
      propertyPath: m_LocalRotation.w
      value: 1
      objectReference: {fileID: 0}
    - target: {fileID: 7850795427790099915, guid: c178bf9a374c181b58ef9a1a80625550,
        type: 3}
      propertyPath: m_LocalRotation.x
      value: -0
      objectReference: {fileID: 0}
    - target: {fileID: 7850795427790099915, guid: c178bf9a374c181b58ef9a1a80625550,
        type: 3}
      propertyPath: m_LocalRotation.y
      value: -0
      objectReference: {fileID: 0}
    - target: {fileID: 7850795427790099915, guid: c178bf9a374c181b58ef9a1a80625550,
        type: 3}
      propertyPath: m_LocalRotation.z
      value: -0
      objectReference: {fileID: 0}
    - target: {fileID: 7850795427790099915, guid: c178bf9a374c181b58ef9a1a80625550,
        type: 3}
      propertyPath: m_AnchoredPosition.x
      value: 1068.56
      objectReference: {fileID: 0}
    - target: {fileID: 7850795427790099915, guid: c178bf9a374c181b58ef9a1a80625550,
        type: 3}
      propertyPath: m_AnchoredPosition.y
      value: -900
      objectReference: {fileID: 0}
    - target: {fileID: 7850795427790099915, guid: c178bf9a374c181b58ef9a1a80625550,
        type: 3}
      propertyPath: m_LocalEulerAnglesHint.x
      value: 0
      objectReference: {fileID: 0}
    - target: {fileID: 7850795427790099915, guid: c178bf9a374c181b58ef9a1a80625550,
        type: 3}
      propertyPath: m_LocalEulerAnglesHint.y
      value: 0
      objectReference: {fileID: 0}
    - target: {fileID: 7850795427790099915, guid: c178bf9a374c181b58ef9a1a80625550,
        type: 3}
      propertyPath: m_LocalEulerAnglesHint.z
      value: 0
      objectReference: {fileID: 0}
    m_RemovedComponents:
    - {fileID: 520609022907938897, guid: c178bf9a374c181b58ef9a1a80625550, type: 3}
    - {fileID: 2014732085, guid: c178bf9a374c181b58ef9a1a80625550, type: 3}
    m_RemovedGameObjects: []
    m_AddedGameObjects: []
    m_AddedComponents:
    - targetCorrespondingSourceObject: {fileID: 4738739939937534095, guid: c178bf9a374c181b58ef9a1a80625550,
        type: 3}
      insertIndex: -1
      addedObject: {fileID: 7606216696427318117}
  m_SourcePrefab: {fileID: 100100000, guid: c178bf9a374c181b58ef9a1a80625550, type: 3}
--- !u!1 &5128984349004573844 stripped
GameObject:
  m_CorrespondingSourceObject: {fileID: 4738739939937534095, guid: c178bf9a374c181b58ef9a1a80625550,
    type: 3}
  m_PrefabInstance: {fileID: 499533185413704731}
  m_PrefabAsset: {fileID: 0}
--- !u!114 &7606216696427318117
MonoBehaviour:
  m_ObjectHideFlags: 0
  m_CorrespondingSourceObject: {fileID: 0}
  m_PrefabInstance: {fileID: 0}
  m_PrefabAsset: {fileID: 0}
  m_GameObject: {fileID: 5128984349004573844}
  m_Enabled: 1
  m_EditorHideFlags: 0
  m_Script: {fileID: 11500000, guid: 4e77400396842354c9d4602e7fc42b41, type: 3}
  m_Name: 
  m_EditorClassIdentifier: 
  Entry: MainMenu_QRButton
  IsPlainText: 0
  Text: {fileID: 5427770803181909982}
--- !u!114 &5427770803181909982 stripped
MonoBehaviour:
  m_CorrespondingSourceObject: {fileID: 5601882003898014661, guid: c178bf9a374c181b58ef9a1a80625550,
    type: 3}
  m_PrefabInstance: {fileID: 499533185413704731}
  m_PrefabAsset: {fileID: 0}
  m_GameObject: {fileID: 5128984349004573844}
  m_Enabled: 1
  m_EditorHideFlags: 0
  m_Script: {fileID: 11500000, guid: f4688fdb7df04437aeb418b961361dc5, type: 3}
  m_Name: 
  m_EditorClassIdentifier: 
--- !u!224 &7646287609583040976 stripped
RectTransform:
  m_CorrespondingSourceObject: {fileID: 7850795427790099915, guid: c178bf9a374c181b58ef9a1a80625550,
    type: 3}
  m_PrefabInstance: {fileID: 499533185413704731}
  m_PrefabAsset: {fileID: 0}
--- !u!1001 &3169141379134070530
PrefabInstance:
  m_ObjectHideFlags: 0
  serializedVersion: 2
  m_Modification:
    serializedVersion: 3
    m_TransformParent: {fileID: 5966248075389541365}
    m_Modifications:
    - target: {fileID: 520609022907938897, guid: c178bf9a374c181b58ef9a1a80625550,
        type: 3}
      propertyPath: m_StringReference.m_TableEntryReference.m_KeyId
      value: 1406798956523520
      objectReference: {fileID: 0}
    - target: {fileID: 520609022907938897, guid: c178bf9a374c181b58ef9a1a80625550,
        type: 3}
      propertyPath: m_UpdateString.m_PersistentCalls.m_Calls.Array.size
      value: 1
      objectReference: {fileID: 0}
    - target: {fileID: 520609022907938897, guid: c178bf9a374c181b58ef9a1a80625550,
        type: 3}
      propertyPath: m_StringReference.m_TableReference.m_TableCollectionName
      value: GUID:5efc5b5024dcd934797a8edc18bdea35
      objectReference: {fileID: 0}
    - target: {fileID: 520609022907938897, guid: c178bf9a374c181b58ef9a1a80625550,
        type: 3}
      propertyPath: m_UpdateString.m_PersistentCalls.m_Calls.Array.data[0].m_Mode
      value: 0
      objectReference: {fileID: 0}
    - target: {fileID: 520609022907938897, guid: c178bf9a374c181b58ef9a1a80625550,
        type: 3}
      propertyPath: m_UpdateString.m_PersistentCalls.m_Calls.Array.data[0].m_Target
      value: 
      objectReference: {fileID: 7369840947816400071}
    - target: {fileID: 520609022907938897, guid: c178bf9a374c181b58ef9a1a80625550,
        type: 3}
      propertyPath: m_UpdateString.m_PersistentCalls.m_Calls.Array.data[0].m_CallState
      value: 1
      objectReference: {fileID: 0}
    - target: {fileID: 520609022907938897, guid: c178bf9a374c181b58ef9a1a80625550,
        type: 3}
      propertyPath: m_UpdateString.m_PersistentCalls.m_Calls.Array.data[0].m_MethodName
      value: set_text
      objectReference: {fileID: 0}
    - target: {fileID: 520609022907938897, guid: c178bf9a374c181b58ef9a1a80625550,
        type: 3}
      propertyPath: m_UpdateString.m_PersistentCalls.m_Calls.Array.data[0].m_TargetAssemblyTypeName
      value: TMPro.TMP_Text, Unity.TextMeshPro
      objectReference: {fileID: 0}
    - target: {fileID: 520609022907938897, guid: c178bf9a374c181b58ef9a1a80625550,
        type: 3}
      propertyPath: m_UpdateString.m_PersistentCalls.m_Calls.Array.data[0].m_Arguments.m_ObjectArgumentAssemblyTypeName
      value: UnityEngine.Object, UnityEngine
      objectReference: {fileID: 0}
    - target: {fileID: 3382917114421442292, guid: c178bf9a374c181b58ef9a1a80625550,
        type: 3}
      propertyPath: m_Name
      value: StartQuiz
      objectReference: {fileID: 0}
    - target: {fileID: 5601882003898014661, guid: c178bf9a374c181b58ef9a1a80625550,
        type: 3}
      propertyPath: m_text
      value: "\u041F\u0440\u043E\u0432\u0435\u0440\u0438\u0442\u044C \u0441\u0432\u043E\u0438
        \u0437\u043D\u0430\u043D\u0438\u044F \u0432 \u0432\u0438\u043A\u0442\u043E\u0440\u0438\u043D\u0435"
      objectReference: {fileID: 0}
    - target: {fileID: 6509434922651317307, guid: c178bf9a374c181b58ef9a1a80625550,
        type: 3}
      propertyPath: m_Sprite
      value: 
      objectReference: {fileID: 21300000, guid: 2c4dd3d3e4fe95516afcd5bb601343da,
        type: 3}
    - target: {fileID: 6509434922651317307, guid: c178bf9a374c181b58ef9a1a80625550,
        type: 3}
      propertyPath: m_PreserveAspect
      value: 1
      objectReference: {fileID: 0}
    - target: {fileID: 7850795427790099915, guid: c178bf9a374c181b58ef9a1a80625550,
        type: 3}
      propertyPath: m_Pivot.x
      value: 0.5
      objectReference: {fileID: 0}
    - target: {fileID: 7850795427790099915, guid: c178bf9a374c181b58ef9a1a80625550,
        type: 3}
      propertyPath: m_Pivot.y
      value: 0.5
      objectReference: {fileID: 0}
    - target: {fileID: 7850795427790099915, guid: c178bf9a374c181b58ef9a1a80625550,
        type: 3}
      propertyPath: m_RootOrder
      value: 2
      objectReference: {fileID: 0}
    - target: {fileID: 7850795427790099915, guid: c178bf9a374c181b58ef9a1a80625550,
        type: 3}
      propertyPath: m_AnchorMax.x
      value: 0
      objectReference: {fileID: 0}
    - target: {fileID: 7850795427790099915, guid: c178bf9a374c181b58ef9a1a80625550,
        type: 3}
      propertyPath: m_AnchorMax.y
      value: 1
      objectReference: {fileID: 0}
    - target: {fileID: 7850795427790099915, guid: c178bf9a374c181b58ef9a1a80625550,
        type: 3}
      propertyPath: m_AnchorMin.x
      value: 0
      objectReference: {fileID: 0}
    - target: {fileID: 7850795427790099915, guid: c178bf9a374c181b58ef9a1a80625550,
        type: 3}
      propertyPath: m_AnchorMin.y
      value: 1
      objectReference: {fileID: 0}
    - target: {fileID: 7850795427790099915, guid: c178bf9a374c181b58ef9a1a80625550,
        type: 3}
      propertyPath: m_SizeDelta.x
      value: 2137.12
      objectReference: {fileID: 0}
    - target: {fileID: 7850795427790099915, guid: c178bf9a374c181b58ef9a1a80625550,
        type: 3}
      propertyPath: m_SizeDelta.y
      value: 120
      objectReference: {fileID: 0}
    - target: {fileID: 7850795427790099915, guid: c178bf9a374c181b58ef9a1a80625550,
        type: 3}
      propertyPath: m_LocalPosition.x
      value: 0
      objectReference: {fileID: 0}
    - target: {fileID: 7850795427790099915, guid: c178bf9a374c181b58ef9a1a80625550,
        type: 3}
      propertyPath: m_LocalPosition.y
      value: 0
      objectReference: {fileID: 0}
    - target: {fileID: 7850795427790099915, guid: c178bf9a374c181b58ef9a1a80625550,
        type: 3}
      propertyPath: m_LocalPosition.z
      value: 0
      objectReference: {fileID: 0}
    - target: {fileID: 7850795427790099915, guid: c178bf9a374c181b58ef9a1a80625550,
        type: 3}
      propertyPath: m_LocalRotation.w
      value: 1
      objectReference: {fileID: 0}
    - target: {fileID: 7850795427790099915, guid: c178bf9a374c181b58ef9a1a80625550,
        type: 3}
      propertyPath: m_LocalRotation.x
      value: -0
      objectReference: {fileID: 0}
    - target: {fileID: 7850795427790099915, guid: c178bf9a374c181b58ef9a1a80625550,
        type: 3}
      propertyPath: m_LocalRotation.y
      value: -0
      objectReference: {fileID: 0}
    - target: {fileID: 7850795427790099915, guid: c178bf9a374c181b58ef9a1a80625550,
        type: 3}
      propertyPath: m_LocalRotation.z
      value: -0
      objectReference: {fileID: 0}
    - target: {fileID: 7850795427790099915, guid: c178bf9a374c181b58ef9a1a80625550,
        type: 3}
      propertyPath: m_AnchoredPosition.x
      value: 1068.56
      objectReference: {fileID: 0}
    - target: {fileID: 7850795427790099915, guid: c178bf9a374c181b58ef9a1a80625550,
        type: 3}
      propertyPath: m_AnchoredPosition.y
      value: -420
      objectReference: {fileID: 0}
    - target: {fileID: 7850795427790099915, guid: c178bf9a374c181b58ef9a1a80625550,
        type: 3}
      propertyPath: m_LocalEulerAnglesHint.x
      value: 0
      objectReference: {fileID: 0}
    - target: {fileID: 7850795427790099915, guid: c178bf9a374c181b58ef9a1a80625550,
        type: 3}
      propertyPath: m_LocalEulerAnglesHint.y
      value: 0
      objectReference: {fileID: 0}
    - target: {fileID: 7850795427790099915, guid: c178bf9a374c181b58ef9a1a80625550,
        type: 3}
      propertyPath: m_LocalEulerAnglesHint.z
      value: 0
      objectReference: {fileID: 0}
    m_RemovedComponents:
    - {fileID: 520609022907938897, guid: c178bf9a374c181b58ef9a1a80625550, type: 3}
    - {fileID: 2014732085, guid: c178bf9a374c181b58ef9a1a80625550, type: 3}
    m_RemovedGameObjects: []
    m_AddedGameObjects: []
    m_AddedComponents:
    - targetCorrespondingSourceObject: {fileID: 4738739939937534095, guid: c178bf9a374c181b58ef9a1a80625550,
        type: 3}
      insertIndex: -1
      addedObject: {fileID: 6935348063024270072}
  m_SourcePrefab: {fileID: 100100000, guid: c178bf9a374c181b58ef9a1a80625550, type: 3}
--- !u!224 &5118531825659513545 stripped
RectTransform:
  m_CorrespondingSourceObject: {fileID: 7850795427790099915, guid: c178bf9a374c181b58ef9a1a80625550,
    type: 3}
  m_PrefabInstance: {fileID: 3169141379134070530}
  m_PrefabAsset: {fileID: 0}
--- !u!1 &7174586566070155548 stripped
GameObject:
  m_CorrespondingSourceObject: {fileID: 5218067999744960030, guid: c178bf9a374c181b58ef9a1a80625550,
    type: 3}
  m_PrefabInstance: {fileID: 3169141379134070530}
  m_PrefabAsset: {fileID: 0}
--- !u!114 &7369840947816400071 stripped
MonoBehaviour:
  m_CorrespondingSourceObject: {fileID: 5601882003898014661, guid: c178bf9a374c181b58ef9a1a80625550,
    type: 3}
  m_PrefabInstance: {fileID: 3169141379134070530}
  m_PrefabAsset: {fileID: 0}
  m_GameObject: {fileID: 7653990254347149197}
  m_Enabled: 1
  m_EditorHideFlags: 0
  m_Script: {fileID: 11500000, guid: f4688fdb7df04437aeb418b961361dc5, type: 3}
  m_Name: 
  m_EditorClassIdentifier: 
--- !u!1 &7653990254347149197 stripped
GameObject:
  m_CorrespondingSourceObject: {fileID: 4738739939937534095, guid: c178bf9a374c181b58ef9a1a80625550,
    type: 3}
  m_PrefabInstance: {fileID: 3169141379134070530}
  m_PrefabAsset: {fileID: 0}
--- !u!114 &6935348063024270072
MonoBehaviour:
  m_ObjectHideFlags: 0
  m_CorrespondingSourceObject: {fileID: 0}
  m_PrefabInstance: {fileID: 0}
  m_PrefabAsset: {fileID: 0}
  m_GameObject: {fileID: 7653990254347149197}
  m_Enabled: 1
  m_EditorHideFlags: 0
  m_Script: {fileID: 11500000, guid: 4e77400396842354c9d4602e7fc42b41, type: 3}
  m_Name: 
  m_EditorClassIdentifier: 
  Entry: MainMenu_TestKnowledgeButton
  IsPlainText: 0
  Text: {fileID: 7369840947816400071}
--- !u!1001 &4919389160600625622
PrefabInstance:
  m_ObjectHideFlags: 0
  serializedVersion: 2
  m_Modification:
    serializedVersion: 3
    m_TransformParent: {fileID: 0}
    m_Modifications:
    - target: {fileID: 1433140815615073975, guid: eb71c0f18f917f40986451d8c9b92ca0,
        type: 3}
      propertyPath: m_Type
      value: 1
      objectReference: {fileID: 0}
    - target: {fileID: 1433140815615073975, guid: eb71c0f18f917f40986451d8c9b92ca0,
        type: 3}
      propertyPath: m_Sprite
      value: 
      objectReference: {fileID: 10907, guid: 0000000000000000f000000000000000, type: 0}
    - target: {fileID: 1433140815615073975, guid: eb71c0f18f917f40986451d8c9b92ca0,
        type: 3}
      propertyPath: m_Material
      value: 
      objectReference: {fileID: 2100000, guid: 7d05db781eea3fb0e8091110d5594b4e, type: 2}
    - target: {fileID: 2330026448632220605, guid: eb71c0f18f917f40986451d8c9b92ca0,
        type: 3}
      propertyPath: m_SizeDelta.x
      value: 0
      objectReference: {fileID: 0}
    - target: {fileID: 2330026448632220605, guid: eb71c0f18f917f40986451d8c9b92ca0,
        type: 3}
      propertyPath: m_SizeDelta.y
      value: 0
      objectReference: {fileID: 0}
    - target: {fileID: 2330026448632220605, guid: eb71c0f18f917f40986451d8c9b92ca0,
        type: 3}
      propertyPath: m_AnchoredPosition.x
      value: 0
      objectReference: {fileID: 0}
    - target: {fileID: 2330026448632220605, guid: eb71c0f18f917f40986451d8c9b92ca0,
        type: 3}
      propertyPath: m_AnchoredPosition.y
      value: 0
      objectReference: {fileID: 0}
    - target: {fileID: 6253026488153637649, guid: eb71c0f18f917f40986451d8c9b92ca0,
        type: 3}
      propertyPath: m_Sprite
      value: 
      objectReference: {fileID: 21300000, guid: d2f7d43d91effc9809b8d1a2a2371f1d,
        type: 3}
    - target: {fileID: 7479747124825278274, guid: eb71c0f18f917f40986451d8c9b92ca0,
        type: 3}
      propertyPath: m_Name
      value: MainMenuPopup
      objectReference: {fileID: 0}
    - target: {fileID: 7479747124825278274, guid: eb71c0f18f917f40986451d8c9b92ca0,
        type: 3}
      propertyPath: m_IsActive
      value: 0
      objectReference: {fileID: 0}
    - target: {fileID: 8468276478036632757, guid: eb71c0f18f917f40986451d8c9b92ca0,
        type: 3}
      propertyPath: m_Pivot.x
      value: 0.5
      objectReference: {fileID: 0}
    - target: {fileID: 8468276478036632757, guid: eb71c0f18f917f40986451d8c9b92ca0,
        type: 3}
      propertyPath: m_Pivot.y
      value: 0.5
      objectReference: {fileID: 0}
    - target: {fileID: 8468276478036632757, guid: eb71c0f18f917f40986451d8c9b92ca0,
        type: 3}
      propertyPath: m_RootOrder
      value: 0
      objectReference: {fileID: 0}
    - target: {fileID: 8468276478036632757, guid: eb71c0f18f917f40986451d8c9b92ca0,
        type: 3}
      propertyPath: m_AnchorMax.x
      value: 1
      objectReference: {fileID: 0}
    - target: {fileID: 8468276478036632757, guid: eb71c0f18f917f40986451d8c9b92ca0,
        type: 3}
      propertyPath: m_AnchorMax.y
      value: 1
      objectReference: {fileID: 0}
    - target: {fileID: 8468276478036632757, guid: eb71c0f18f917f40986451d8c9b92ca0,
        type: 3}
      propertyPath: m_AnchorMin.x
      value: 0
      objectReference: {fileID: 0}
    - target: {fileID: 8468276478036632757, guid: eb71c0f18f917f40986451d8c9b92ca0,
        type: 3}
      propertyPath: m_AnchorMin.y
      value: 0
      objectReference: {fileID: 0}
    - target: {fileID: 8468276478036632757, guid: eb71c0f18f917f40986451d8c9b92ca0,
        type: 3}
      propertyPath: m_SizeDelta.x
      value: 0
      objectReference: {fileID: 0}
    - target: {fileID: 8468276478036632757, guid: eb71c0f18f917f40986451d8c9b92ca0,
        type: 3}
      propertyPath: m_SizeDelta.y
      value: 0
      objectReference: {fileID: 0}
    - target: {fileID: 8468276478036632757, guid: eb71c0f18f917f40986451d8c9b92ca0,
        type: 3}
      propertyPath: m_LocalPosition.x
      value: 0
      objectReference: {fileID: 0}
    - target: {fileID: 8468276478036632757, guid: eb71c0f18f917f40986451d8c9b92ca0,
        type: 3}
      propertyPath: m_LocalPosition.y
      value: 0
      objectReference: {fileID: 0}
    - target: {fileID: 8468276478036632757, guid: eb71c0f18f917f40986451d8c9b92ca0,
        type: 3}
      propertyPath: m_LocalPosition.z
      value: 0
      objectReference: {fileID: 0}
    - target: {fileID: 8468276478036632757, guid: eb71c0f18f917f40986451d8c9b92ca0,
        type: 3}
      propertyPath: m_LocalRotation.w
      value: 1
      objectReference: {fileID: 0}
    - target: {fileID: 8468276478036632757, guid: eb71c0f18f917f40986451d8c9b92ca0,
        type: 3}
      propertyPath: m_LocalRotation.x
      value: -0
      objectReference: {fileID: 0}
    - target: {fileID: 8468276478036632757, guid: eb71c0f18f917f40986451d8c9b92ca0,
        type: 3}
      propertyPath: m_LocalRotation.y
      value: -0
      objectReference: {fileID: 0}
    - target: {fileID: 8468276478036632757, guid: eb71c0f18f917f40986451d8c9b92ca0,
        type: 3}
      propertyPath: m_LocalRotation.z
      value: -0
      objectReference: {fileID: 0}
    - target: {fileID: 8468276478036632757, guid: eb71c0f18f917f40986451d8c9b92ca0,
        type: 3}
      propertyPath: m_AnchoredPosition.x
      value: 0
      objectReference: {fileID: 0}
    - target: {fileID: 8468276478036632757, guid: eb71c0f18f917f40986451d8c9b92ca0,
        type: 3}
      propertyPath: m_AnchoredPosition.y
      value: 0
      objectReference: {fileID: 0}
    - target: {fileID: 8468276478036632757, guid: eb71c0f18f917f40986451d8c9b92ca0,
        type: 3}
      propertyPath: m_LocalEulerAnglesHint.x
      value: 0
      objectReference: {fileID: 0}
    - target: {fileID: 8468276478036632757, guid: eb71c0f18f917f40986451d8c9b92ca0,
        type: 3}
      propertyPath: m_LocalEulerAnglesHint.y
      value: 0
      objectReference: {fileID: 0}
    - target: {fileID: 8468276478036632757, guid: eb71c0f18f917f40986451d8c9b92ca0,
        type: 3}
      propertyPath: m_LocalEulerAnglesHint.z
      value: 0
      objectReference: {fileID: 0}
    m_RemovedComponents:
    - {fileID: 4240053369629584122, guid: eb71c0f18f917f40986451d8c9b92ca0, type: 3}
    m_RemovedGameObjects: []
    m_AddedGameObjects:
    - targetCorrespondingSourceObject: {fileID: 7537629415348995267, guid: eb71c0f18f917f40986451d8c9b92ca0,
        type: 3}
      insertIndex: -1
      addedObject: {fileID: 5966248075389541365}
    m_AddedComponents:
    - targetCorrespondingSourceObject: {fileID: 7479747124825278274, guid: eb71c0f18f917f40986451d8c9b92ca0,
        type: 3}
      insertIndex: -1
      addedObject: {fileID: 8436590204226456242}
  m_SourcePrefab: {fileID: 100100000, guid: eb71c0f18f917f40986451d8c9b92ca0, type: 3}
--- !u!1 &2560375560873453204 stripped
GameObject:
  m_CorrespondingSourceObject: {fileID: 7479747124825278274, guid: eb71c0f18f917f40986451d8c9b92ca0,
    type: 3}
  m_PrefabInstance: {fileID: 4919389160600625622}
  m_PrefabAsset: {fileID: 0}
--- !u!114 &8436590204226456242
MonoBehaviour:
  m_ObjectHideFlags: 0
  m_CorrespondingSourceObject: {fileID: 0}
  m_PrefabInstance: {fileID: 0}
  m_PrefabAsset: {fileID: 0}
  m_GameObject: {fileID: 2560375560873453204}
  m_Enabled: 1
  m_EditorHideFlags: 0
  m_Script: {fileID: 11500000, guid: ad03ace9240b9804a90857ef1c7c2423, type: 3}
  m_Name: 
  m_EditorClassIdentifier: 
  DefaultExcursion:
    Button: {fileID: 0}
    DescriptionKey: 
  InteractiveExcursion:
    Button: {fileID: 0}
    DescriptionKey: 
  Quiz:
    Button: {fileID: 0}
    DescriptionKey: 
  Morse:
    Button: {fileID: 0}
    DescriptionKey: 
  Scheme:
    Button: {fileID: 0}
    DescriptionKey: 
  Settings:
    Button: {fileID: 0}
    DescriptionKey: 
  QR:
    Button: {fileID: 0}
    DescriptionKey: 
  PrevButton: {fileID: 0}
  NextButton: {fileID: 0}
  DefaultExcursionIndicator: {fileID: 4152900325073168905}
  InteractiveExcursionIndicator: {fileID: 4187995130686615526}
  QuizIndicator: {fileID: 7174586566070155548}
  MorseIndicator: {fileID: 4231540029968335334}
  SchemeIndicator: {fileID: 4584332684885767211}
  MainScroll: {fileID: 0}
  DescriptionText: {fileID: 0}
  MainScrollAdjustmentSpeed: 2
--- !u!224 &3233061597700711701 stripped
RectTransform:
  m_CorrespondingSourceObject: {fileID: 7537629415348995267, guid: eb71c0f18f917f40986451d8c9b92ca0,
    type: 3}
  m_PrefabInstance: {fileID: 4919389160600625622}
  m_PrefabAsset: {fileID: 0}
--- !u!1001 &5735124830981908570
PrefabInstance:
  m_ObjectHideFlags: 0
  serializedVersion: 2
  m_Modification:
    serializedVersion: 3
    m_TransformParent: {fileID: 5966248075389541365}
    m_Modifications:
    - target: {fileID: 520609022907938897, guid: c178bf9a374c181b58ef9a1a80625550,
        type: 3}
      propertyPath: m_StringReference.m_TableEntryReference.m_KeyId
      value: 1406995921039360
      objectReference: {fileID: 0}
    - target: {fileID: 520609022907938897, guid: c178bf9a374c181b58ef9a1a80625550,
        type: 3}
      propertyPath: m_UpdateString.m_PersistentCalls.m_Calls.Array.size
      value: 1
      objectReference: {fileID: 0}
    - target: {fileID: 520609022907938897, guid: c178bf9a374c181b58ef9a1a80625550,
        type: 3}
      propertyPath: m_StringReference.m_TableReference.m_TableCollectionName
      value: GUID:5efc5b5024dcd934797a8edc18bdea35
      objectReference: {fileID: 0}
    - target: {fileID: 520609022907938897, guid: c178bf9a374c181b58ef9a1a80625550,
        type: 3}
      propertyPath: m_UpdateString.m_PersistentCalls.m_Calls.Array.data[0].m_Mode
      value: 0
      objectReference: {fileID: 0}
    - target: {fileID: 520609022907938897, guid: c178bf9a374c181b58ef9a1a80625550,
        type: 3}
      propertyPath: m_UpdateString.m_PersistentCalls.m_Calls.Array.data[0].m_Target
      value: 
      objectReference: {fileID: 156117068155745183}
    - target: {fileID: 520609022907938897, guid: c178bf9a374c181b58ef9a1a80625550,
        type: 3}
      propertyPath: m_UpdateString.m_PersistentCalls.m_Calls.Array.data[0].m_CallState
      value: 1
      objectReference: {fileID: 0}
    - target: {fileID: 520609022907938897, guid: c178bf9a374c181b58ef9a1a80625550,
        type: 3}
      propertyPath: m_UpdateString.m_PersistentCalls.m_Calls.Array.data[0].m_MethodName
      value: set_text
      objectReference: {fileID: 0}
    - target: {fileID: 520609022907938897, guid: c178bf9a374c181b58ef9a1a80625550,
        type: 3}
      propertyPath: m_UpdateString.m_PersistentCalls.m_Calls.Array.data[0].m_TargetAssemblyTypeName
      value: TMPro.TMP_Text, Unity.TextMeshPro
      objectReference: {fileID: 0}
    - target: {fileID: 520609022907938897, guid: c178bf9a374c181b58ef9a1a80625550,
        type: 3}
      propertyPath: m_UpdateString.m_PersistentCalls.m_Calls.Array.data[0].m_Arguments.m_ObjectArgumentAssemblyTypeName
      value: UnityEngine.Object, UnityEngine
      objectReference: {fileID: 0}
    - target: {fileID: 3382917114421442292, guid: c178bf9a374c181b58ef9a1a80625550,
        type: 3}
      propertyPath: m_Name
      value: Settings
      objectReference: {fileID: 0}
    - target: {fileID: 5601882003898014661, guid: c178bf9a374c181b58ef9a1a80625550,
        type: 3}
      propertyPath: m_text
      value: "\u041D\u0430\u0441\u0442\u0440\u043E\u0439\u043A\u0438"
      objectReference: {fileID: 0}
    - target: {fileID: 6509434922651317307, guid: c178bf9a374c181b58ef9a1a80625550,
        type: 3}
      propertyPath: m_Sprite
      value: 
      objectReference: {fileID: 21300000, guid: f009957ab20c7dfa987ffb60c02b74a1,
        type: 3}
    - target: {fileID: 6509434922651317307, guid: c178bf9a374c181b58ef9a1a80625550,
        type: 3}
      propertyPath: m_PreserveAspect
      value: 1
      objectReference: {fileID: 0}
    - target: {fileID: 7379128335536877951, guid: c178bf9a374c181b58ef9a1a80625550,
        type: 3}
      propertyPath: m_PreferredHeight
      value: 85.78
      objectReference: {fileID: 0}
    - target: {fileID: 7850795427790099915, guid: c178bf9a374c181b58ef9a1a80625550,
        type: 3}
      propertyPath: m_Pivot.x
      value: 0.5
      objectReference: {fileID: 0}
    - target: {fileID: 7850795427790099915, guid: c178bf9a374c181b58ef9a1a80625550,
        type: 3}
      propertyPath: m_Pivot.y
      value: 0.5
      objectReference: {fileID: 0}
    - target: {fileID: 7850795427790099915, guid: c178bf9a374c181b58ef9a1a80625550,
        type: 3}
      propertyPath: m_RootOrder
      value: 5
      objectReference: {fileID: 0}
    - target: {fileID: 7850795427790099915, guid: c178bf9a374c181b58ef9a1a80625550,
        type: 3}
      propertyPath: m_AnchorMax.x
      value: 0
      objectReference: {fileID: 0}
    - target: {fileID: 7850795427790099915, guid: c178bf9a374c181b58ef9a1a80625550,
        type: 3}
      propertyPath: m_AnchorMax.y
      value: 1
      objectReference: {fileID: 0}
    - target: {fileID: 7850795427790099915, guid: c178bf9a374c181b58ef9a1a80625550,
        type: 3}
      propertyPath: m_AnchorMin.x
      value: 0
      objectReference: {fileID: 0}
    - target: {fileID: 7850795427790099915, guid: c178bf9a374c181b58ef9a1a80625550,
        type: 3}
      propertyPath: m_AnchorMin.y
      value: 1
      objectReference: {fileID: 0}
    - target: {fileID: 7850795427790099915, guid: c178bf9a374c181b58ef9a1a80625550,
        type: 3}
      propertyPath: m_SizeDelta.x
      value: 2137.12
      objectReference: {fileID: 0}
    - target: {fileID: 7850795427790099915, guid: c178bf9a374c181b58ef9a1a80625550,
        type: 3}
      propertyPath: m_SizeDelta.y
      value: 120
      objectReference: {fileID: 0}
    - target: {fileID: 7850795427790099915, guid: c178bf9a374c181b58ef9a1a80625550,
        type: 3}
      propertyPath: m_LocalPosition.x
      value: 0
      objectReference: {fileID: 0}
    - target: {fileID: 7850795427790099915, guid: c178bf9a374c181b58ef9a1a80625550,
        type: 3}
      propertyPath: m_LocalPosition.y
      value: 0
      objectReference: {fileID: 0}
    - target: {fileID: 7850795427790099915, guid: c178bf9a374c181b58ef9a1a80625550,
        type: 3}
      propertyPath: m_LocalPosition.z
      value: 0
      objectReference: {fileID: 0}
    - target: {fileID: 7850795427790099915, guid: c178bf9a374c181b58ef9a1a80625550,
        type: 3}
      propertyPath: m_LocalRotation.w
      value: 1
      objectReference: {fileID: 0}
    - target: {fileID: 7850795427790099915, guid: c178bf9a374c181b58ef9a1a80625550,
        type: 3}
      propertyPath: m_LocalRotation.x
      value: -0
      objectReference: {fileID: 0}
    - target: {fileID: 7850795427790099915, guid: c178bf9a374c181b58ef9a1a80625550,
        type: 3}
      propertyPath: m_LocalRotation.y
      value: -0
      objectReference: {fileID: 0}
    - target: {fileID: 7850795427790099915, guid: c178bf9a374c181b58ef9a1a80625550,
        type: 3}
      propertyPath: m_LocalRotation.z
      value: -0
      objectReference: {fileID: 0}
    - target: {fileID: 7850795427790099915, guid: c178bf9a374c181b58ef9a1a80625550,
        type: 3}
      propertyPath: m_AnchoredPosition.x
      value: 1068.56
      objectReference: {fileID: 0}
    - target: {fileID: 7850795427790099915, guid: c178bf9a374c181b58ef9a1a80625550,
        type: 3}
      propertyPath: m_AnchoredPosition.y
      value: -780
      objectReference: {fileID: 0}
    - target: {fileID: 7850795427790099915, guid: c178bf9a374c181b58ef9a1a80625550,
        type: 3}
      propertyPath: m_LocalEulerAnglesHint.x
      value: 0
      objectReference: {fileID: 0}
    - target: {fileID: 7850795427790099915, guid: c178bf9a374c181b58ef9a1a80625550,
        type: 3}
      propertyPath: m_LocalEulerAnglesHint.y
      value: 0
      objectReference: {fileID: 0}
    - target: {fileID: 7850795427790099915, guid: c178bf9a374c181b58ef9a1a80625550,
        type: 3}
      propertyPath: m_LocalEulerAnglesHint.z
      value: 0
      objectReference: {fileID: 0}
    m_RemovedComponents:
    - {fileID: 520609022907938897, guid: c178bf9a374c181b58ef9a1a80625550, type: 3}
    - {fileID: 2014732085, guid: c178bf9a374c181b58ef9a1a80625550, type: 3}
    m_RemovedGameObjects: []
    m_AddedGameObjects: []
    m_AddedComponents:
    - targetCorrespondingSourceObject: {fileID: 4738739939937534095, guid: c178bf9a374c181b58ef9a1a80625550,
        type: 3}
      insertIndex: -1
      addedObject: {fileID: 3131878662661971841}
  m_SourcePrefab: {fileID: 100100000, guid: c178bf9a374c181b58ef9a1a80625550, type: 3}
--- !u!114 &156117068155745183 stripped
MonoBehaviour:
  m_CorrespondingSourceObject: {fileID: 5601882003898014661, guid: c178bf9a374c181b58ef9a1a80625550,
    type: 3}
  m_PrefabInstance: {fileID: 5735124830981908570}
  m_PrefabAsset: {fileID: 0}
  m_GameObject: {fileID: 1032489228041988309}
  m_Enabled: 1
  m_EditorHideFlags: 0
  m_Script: {fileID: 11500000, guid: f4688fdb7df04437aeb418b961361dc5, type: 3}
  m_Name: 
  m_EditorClassIdentifier: 
--- !u!1 &1032489228041988309 stripped
GameObject:
  m_CorrespondingSourceObject: {fileID: 4738739939937534095, guid: c178bf9a374c181b58ef9a1a80625550,
    type: 3}
  m_PrefabInstance: {fileID: 5735124830981908570}
  m_PrefabAsset: {fileID: 0}
--- !u!114 &3131878662661971841
MonoBehaviour:
  m_ObjectHideFlags: 0
  m_CorrespondingSourceObject: {fileID: 0}
  m_PrefabInstance: {fileID: 0}
  m_PrefabAsset: {fileID: 0}
  m_GameObject: {fileID: 1032489228041988309}
  m_Enabled: 1
  m_EditorHideFlags: 0
  m_Script: {fileID: 11500000, guid: 4e77400396842354c9d4602e7fc42b41, type: 3}
  m_Name: 
  m_EditorClassIdentifier: 
  Entry: MainMenu_SettingsButton
  IsPlainText: 0
  Text: {fileID: 156117068155745183}
--- !u!224 &2550411217873304977 stripped
RectTransform:
  m_CorrespondingSourceObject: {fileID: 7850795427790099915, guid: c178bf9a374c181b58ef9a1a80625550,
    type: 3}
  m_PrefabInstance: {fileID: 5735124830981908570}
  m_PrefabAsset: {fileID: 0}
--- !u!1001 &8198906358502165527
PrefabInstance:
  m_ObjectHideFlags: 0
  serializedVersion: 2
  m_Modification:
    serializedVersion: 3
    m_TransformParent: {fileID: 5966248075389541365}
    m_Modifications:
    - target: {fileID: 520609022907938897, guid: c178bf9a374c181b58ef9a1a80625550,
        type: 3}
      propertyPath: m_StringReference.m_TableEntryReference.m_KeyId
      value: 1405715697823744
      objectReference: {fileID: 0}
    - target: {fileID: 520609022907938897, guid: c178bf9a374c181b58ef9a1a80625550,
        type: 3}
      propertyPath: m_UpdateString.m_PersistentCalls.m_Calls.Array.size
      value: 1
      objectReference: {fileID: 0}
    - target: {fileID: 520609022907938897, guid: c178bf9a374c181b58ef9a1a80625550,
        type: 3}
      propertyPath: m_StringReference.m_TableReference.m_TableCollectionName
      value: GUID:5efc5b5024dcd934797a8edc18bdea35
      objectReference: {fileID: 0}
    - target: {fileID: 520609022907938897, guid: c178bf9a374c181b58ef9a1a80625550,
        type: 3}
      propertyPath: m_UpdateString.m_PersistentCalls.m_Calls.Array.data[0].m_Mode
      value: 0
      objectReference: {fileID: 0}
    - target: {fileID: 520609022907938897, guid: c178bf9a374c181b58ef9a1a80625550,
        type: 3}
      propertyPath: m_UpdateString.m_PersistentCalls.m_Calls.Array.data[0].m_Target
      value: 
      objectReference: {fileID: 4356599200906483666}
    - target: {fileID: 520609022907938897, guid: c178bf9a374c181b58ef9a1a80625550,
        type: 3}
      propertyPath: m_UpdateString.m_PersistentCalls.m_Calls.Array.data[0].m_CallState
      value: 1
      objectReference: {fileID: 0}
    - target: {fileID: 520609022907938897, guid: c178bf9a374c181b58ef9a1a80625550,
        type: 3}
      propertyPath: m_UpdateString.m_PersistentCalls.m_Calls.Array.data[0].m_MethodName
      value: set_text
      objectReference: {fileID: 0}
    - target: {fileID: 520609022907938897, guid: c178bf9a374c181b58ef9a1a80625550,
        type: 3}
      propertyPath: m_UpdateString.m_PersistentCalls.m_Calls.Array.data[0].m_TargetAssemblyTypeName
      value: TMPro.TMP_Text, Unity.TextMeshPro
      objectReference: {fileID: 0}
    - target: {fileID: 520609022907938897, guid: c178bf9a374c181b58ef9a1a80625550,
        type: 3}
      propertyPath: m_UpdateString.m_PersistentCalls.m_Calls.Array.data[0].m_Arguments.m_ObjectArgumentAssemblyTypeName
      value: UnityEngine.Object, UnityEngine
      objectReference: {fileID: 0}
    - target: {fileID: 3382917114421442292, guid: c178bf9a374c181b58ef9a1a80625550,
        type: 3}
      propertyPath: m_Name
      value: StartExcursion
      objectReference: {fileID: 0}
    - target: {fileID: 6509434922651317307, guid: c178bf9a374c181b58ef9a1a80625550,
        type: 3}
      propertyPath: m_Sprite
      value: 
      objectReference: {fileID: 21300000, guid: 58c9441ca9a11afb8b954924c3c6d93b,
        type: 3}
    - target: {fileID: 6509434922651317307, guid: c178bf9a374c181b58ef9a1a80625550,
        type: 3}
      propertyPath: m_PreserveAspect
      value: 1
      objectReference: {fileID: 0}
    - target: {fileID: 7379128335536877951, guid: c178bf9a374c181b58ef9a1a80625550,
        type: 3}
      propertyPath: m_PreferredHeight
      value: 64
      objectReference: {fileID: 0}
    - target: {fileID: 7850795427790099915, guid: c178bf9a374c181b58ef9a1a80625550,
        type: 3}
      propertyPath: m_Pivot.x
      value: 0.5
      objectReference: {fileID: 0}
    - target: {fileID: 7850795427790099915, guid: c178bf9a374c181b58ef9a1a80625550,
        type: 3}
      propertyPath: m_Pivot.y
      value: 0.5
      objectReference: {fileID: 0}
    - target: {fileID: 7850795427790099915, guid: c178bf9a374c181b58ef9a1a80625550,
        type: 3}
      propertyPath: m_RootOrder
      value: 0
      objectReference: {fileID: 0}
    - target: {fileID: 7850795427790099915, guid: c178bf9a374c181b58ef9a1a80625550,
        type: 3}
      propertyPath: m_AnchorMax.x
      value: 0
      objectReference: {fileID: 0}
    - target: {fileID: 7850795427790099915, guid: c178bf9a374c181b58ef9a1a80625550,
        type: 3}
      propertyPath: m_AnchorMax.y
      value: 1
      objectReference: {fileID: 0}
    - target: {fileID: 7850795427790099915, guid: c178bf9a374c181b58ef9a1a80625550,
        type: 3}
      propertyPath: m_AnchorMin.x
      value: 0
      objectReference: {fileID: 0}
    - target: {fileID: 7850795427790099915, guid: c178bf9a374c181b58ef9a1a80625550,
        type: 3}
      propertyPath: m_AnchorMin.y
      value: 1
      objectReference: {fileID: 0}
    - target: {fileID: 7850795427790099915, guid: c178bf9a374c181b58ef9a1a80625550,
        type: 3}
      propertyPath: m_SizeDelta.x
      value: 2137.12
      objectReference: {fileID: 0}
    - target: {fileID: 7850795427790099915, guid: c178bf9a374c181b58ef9a1a80625550,
        type: 3}
      propertyPath: m_SizeDelta.y
      value: 120
      objectReference: {fileID: 0}
    - target: {fileID: 7850795427790099915, guid: c178bf9a374c181b58ef9a1a80625550,
        type: 3}
      propertyPath: m_LocalPosition.x
      value: 0
      objectReference: {fileID: 0}
    - target: {fileID: 7850795427790099915, guid: c178bf9a374c181b58ef9a1a80625550,
        type: 3}
      propertyPath: m_LocalPosition.y
      value: 0
      objectReference: {fileID: 0}
    - target: {fileID: 7850795427790099915, guid: c178bf9a374c181b58ef9a1a80625550,
        type: 3}
      propertyPath: m_LocalPosition.z
      value: 0
      objectReference: {fileID: 0}
    - target: {fileID: 7850795427790099915, guid: c178bf9a374c181b58ef9a1a80625550,
        type: 3}
      propertyPath: m_LocalRotation.w
      value: 1
      objectReference: {fileID: 0}
    - target: {fileID: 7850795427790099915, guid: c178bf9a374c181b58ef9a1a80625550,
        type: 3}
      propertyPath: m_LocalRotation.x
      value: -0
      objectReference: {fileID: 0}
    - target: {fileID: 7850795427790099915, guid: c178bf9a374c181b58ef9a1a80625550,
        type: 3}
      propertyPath: m_LocalRotation.y
      value: -0
      objectReference: {fileID: 0}
    - target: {fileID: 7850795427790099915, guid: c178bf9a374c181b58ef9a1a80625550,
        type: 3}
      propertyPath: m_LocalRotation.z
      value: -0
      objectReference: {fileID: 0}
    - target: {fileID: 7850795427790099915, guid: c178bf9a374c181b58ef9a1a80625550,
        type: 3}
      propertyPath: m_AnchoredPosition.x
      value: 1068.56
      objectReference: {fileID: 0}
    - target: {fileID: 7850795427790099915, guid: c178bf9a374c181b58ef9a1a80625550,
        type: 3}
      propertyPath: m_AnchoredPosition.y
      value: -180
      objectReference: {fileID: 0}
    - target: {fileID: 7850795427790099915, guid: c178bf9a374c181b58ef9a1a80625550,
        type: 3}
      propertyPath: m_LocalEulerAnglesHint.x
      value: 0
      objectReference: {fileID: 0}
    - target: {fileID: 7850795427790099915, guid: c178bf9a374c181b58ef9a1a80625550,
        type: 3}
      propertyPath: m_LocalEulerAnglesHint.y
      value: 0
      objectReference: {fileID: 0}
    - target: {fileID: 7850795427790099915, guid: c178bf9a374c181b58ef9a1a80625550,
        type: 3}
      propertyPath: m_LocalEulerAnglesHint.z
      value: 0
      objectReference: {fileID: 0}
    m_RemovedComponents:
    - {fileID: 520609022907938897, guid: c178bf9a374c181b58ef9a1a80625550, type: 3}
    - {fileID: 3864637709740217682, guid: c178bf9a374c181b58ef9a1a80625550, type: 3}
    - {fileID: 2014732085, guid: c178bf9a374c181b58ef9a1a80625550, type: 3}
    m_RemovedGameObjects: []
    m_AddedGameObjects: []
    m_AddedComponents:
    - targetCorrespondingSourceObject: {fileID: 4738739939937534095, guid: c178bf9a374c181b58ef9a1a80625550,
        type: 3}
      insertIndex: -1
      addedObject: {fileID: 5406821016179240249}
  m_SourcePrefab: {fileID: 100100000, guid: c178bf9a374c181b58ef9a1a80625550, type: 3}
--- !u!224 &2106555685142927836 stripped
RectTransform:
  m_CorrespondingSourceObject: {fileID: 7850795427790099915, guid: c178bf9a374c181b58ef9a1a80625550,
    type: 3}
  m_PrefabInstance: {fileID: 8198906358502165527}
  m_PrefabAsset: {fileID: 0}
--- !u!1 &3461930260794723480 stripped
GameObject:
  m_CorrespondingSourceObject: {fileID: 4738739939937534095, guid: c178bf9a374c181b58ef9a1a80625550,
    type: 3}
  m_PrefabInstance: {fileID: 8198906358502165527}
  m_PrefabAsset: {fileID: 0}
--- !u!114 &5406821016179240249
MonoBehaviour:
  m_ObjectHideFlags: 0
  m_CorrespondingSourceObject: {fileID: 0}
  m_PrefabInstance: {fileID: 0}
  m_PrefabAsset: {fileID: 0}
  m_GameObject: {fileID: 3461930260794723480}
  m_Enabled: 1
  m_EditorHideFlags: 0
  m_Script: {fileID: 11500000, guid: 4e77400396842354c9d4602e7fc42b41, type: 3}
  m_Name: 
  m_EditorClassIdentifier: 
  Entry: MainMenu_StartMainTourButton
  IsPlainText: 0
  Text: {fileID: 4356599200906483666}
--- !u!1 &4152900325073168905 stripped
GameObject:
  m_CorrespondingSourceObject: {fileID: 5218067999744960030, guid: c178bf9a374c181b58ef9a1a80625550,
    type: 3}
  m_PrefabInstance: {fileID: 8198906358502165527}
  m_PrefabAsset: {fileID: 0}
--- !u!114 &4356599200906483666 stripped
MonoBehaviour:
  m_CorrespondingSourceObject: {fileID: 5601882003898014661, guid: c178bf9a374c181b58ef9a1a80625550,
    type: 3}
  m_PrefabInstance: {fileID: 8198906358502165527}
  m_PrefabAsset: {fileID: 0}
  m_GameObject: {fileID: 3461930260794723480}
  m_Enabled: 1
  m_EditorHideFlags: 0
  m_Script: {fileID: 11500000, guid: f4688fdb7df04437aeb418b961361dc5, type: 3}
  m_Name: 
  m_EditorClassIdentifier: 
--- !u!1001 &8247483255499360760
PrefabInstance:
  m_ObjectHideFlags: 0
  serializedVersion: 2
  m_Modification:
    serializedVersion: 3
    m_TransformParent: {fileID: 5966248075389541365}
    m_Modifications:
    - target: {fileID: 520609022907938897, guid: c178bf9a374c181b58ef9a1a80625550,
        type: 3}
      propertyPath: m_StringReference.m_TableEntryReference.m_KeyId
      value: 1406899720482816
      objectReference: {fileID: 0}
    - target: {fileID: 520609022907938897, guid: c178bf9a374c181b58ef9a1a80625550,
        type: 3}
      propertyPath: m_UpdateString.m_PersistentCalls.m_Calls.Array.size
      value: 1
      objectReference: {fileID: 0}
    - target: {fileID: 520609022907938897, guid: c178bf9a374c181b58ef9a1a80625550,
        type: 3}
      propertyPath: m_StringReference.m_TableReference.m_TableCollectionName
      value: GUID:5efc5b5024dcd934797a8edc18bdea35
      objectReference: {fileID: 0}
    - target: {fileID: 520609022907938897, guid: c178bf9a374c181b58ef9a1a80625550,
        type: 3}
      propertyPath: m_UpdateString.m_PersistentCalls.m_Calls.Array.data[0].m_Mode
      value: 0
      objectReference: {fileID: 0}
    - target: {fileID: 520609022907938897, guid: c178bf9a374c181b58ef9a1a80625550,
        type: 3}
      propertyPath: m_UpdateString.m_PersistentCalls.m_Calls.Array.data[0].m_Target
      value: 
      objectReference: {fileID: 4596222840238969405}
    - target: {fileID: 520609022907938897, guid: c178bf9a374c181b58ef9a1a80625550,
        type: 3}
      propertyPath: m_UpdateString.m_PersistentCalls.m_Calls.Array.data[0].m_CallState
      value: 1
      objectReference: {fileID: 0}
    - target: {fileID: 520609022907938897, guid: c178bf9a374c181b58ef9a1a80625550,
        type: 3}
      propertyPath: m_UpdateString.m_PersistentCalls.m_Calls.Array.data[0].m_MethodName
      value: set_text
      objectReference: {fileID: 0}
    - target: {fileID: 520609022907938897, guid: c178bf9a374c181b58ef9a1a80625550,
        type: 3}
      propertyPath: m_UpdateString.m_PersistentCalls.m_Calls.Array.data[0].m_TargetAssemblyTypeName
      value: TMPro.TMP_Text, Unity.TextMeshPro
      objectReference: {fileID: 0}
    - target: {fileID: 520609022907938897, guid: c178bf9a374c181b58ef9a1a80625550,
        type: 3}
      propertyPath: m_UpdateString.m_PersistentCalls.m_Calls.Array.data[0].m_Arguments.m_ObjectArgumentAssemblyTypeName
      value: UnityEngine.Object, UnityEngine
      objectReference: {fileID: 0}
    - target: {fileID: 3382917114421442292, guid: c178bf9a374c181b58ef9a1a80625550,
        type: 3}
      propertyPath: m_Name
      value: StartQuest
      objectReference: {fileID: 0}
    - target: {fileID: 5601882003898014661, guid: c178bf9a374c181b58ef9a1a80625550,
        type: 3}
      propertyPath: m_text
      value: "\u041D\u0430\u0447\u0430\u0442\u044C \u041A\u0432\u0435\u0441\u0442
        \u044D\u043A\u0441\u043A\u0443\u0440\u0441\u0438\u044E \u0434\u043B\u044F
        \u044E\u043D\u0433"
      objectReference: {fileID: 0}
    - target: {fileID: 6509434922651317307, guid: c178bf9a374c181b58ef9a1a80625550,
        type: 3}
      propertyPath: m_Sprite
      value: 
      objectReference: {fileID: 21300000, guid: bddaab5bb58ae0d5b80d828edde798d5,
        type: 3}
    - target: {fileID: 6509434922651317307, guid: c178bf9a374c181b58ef9a1a80625550,
        type: 3}
      propertyPath: m_PreserveAspect
      value: 1
      objectReference: {fileID: 0}
    - target: {fileID: 7850795427790099915, guid: c178bf9a374c181b58ef9a1a80625550,
        type: 3}
      propertyPath: m_Pivot.x
      value: 0.5
      objectReference: {fileID: 0}
    - target: {fileID: 7850795427790099915, guid: c178bf9a374c181b58ef9a1a80625550,
        type: 3}
      propertyPath: m_Pivot.y
      value: 0.5
      objectReference: {fileID: 0}
    - target: {fileID: 7850795427790099915, guid: c178bf9a374c181b58ef9a1a80625550,
        type: 3}
      propertyPath: m_RootOrder
      value: 1
      objectReference: {fileID: 0}
    - target: {fileID: 7850795427790099915, guid: c178bf9a374c181b58ef9a1a80625550,
        type: 3}
      propertyPath: m_AnchorMax.x
      value: 0
      objectReference: {fileID: 0}
    - target: {fileID: 7850795427790099915, guid: c178bf9a374c181b58ef9a1a80625550,
        type: 3}
      propertyPath: m_AnchorMax.y
      value: 1
      objectReference: {fileID: 0}
    - target: {fileID: 7850795427790099915, guid: c178bf9a374c181b58ef9a1a80625550,
        type: 3}
      propertyPath: m_AnchorMin.x
      value: 0
      objectReference: {fileID: 0}
    - target: {fileID: 7850795427790099915, guid: c178bf9a374c181b58ef9a1a80625550,
        type: 3}
      propertyPath: m_AnchorMin.y
      value: 1
      objectReference: {fileID: 0}
    - target: {fileID: 7850795427790099915, guid: c178bf9a374c181b58ef9a1a80625550,
        type: 3}
      propertyPath: m_SizeDelta.x
      value: 2137.12
      objectReference: {fileID: 0}
    - target: {fileID: 7850795427790099915, guid: c178bf9a374c181b58ef9a1a80625550,
        type: 3}
      propertyPath: m_SizeDelta.y
      value: 120
      objectReference: {fileID: 0}
    - target: {fileID: 7850795427790099915, guid: c178bf9a374c181b58ef9a1a80625550,
        type: 3}
      propertyPath: m_LocalPosition.x
      value: 0
      objectReference: {fileID: 0}
    - target: {fileID: 7850795427790099915, guid: c178bf9a374c181b58ef9a1a80625550,
        type: 3}
      propertyPath: m_LocalPosition.y
      value: 0
      objectReference: {fileID: 0}
    - target: {fileID: 7850795427790099915, guid: c178bf9a374c181b58ef9a1a80625550,
        type: 3}
      propertyPath: m_LocalPosition.z
      value: 0
      objectReference: {fileID: 0}
    - target: {fileID: 7850795427790099915, guid: c178bf9a374c181b58ef9a1a80625550,
        type: 3}
      propertyPath: m_LocalRotation.w
      value: 1
      objectReference: {fileID: 0}
    - target: {fileID: 7850795427790099915, guid: c178bf9a374c181b58ef9a1a80625550,
        type: 3}
      propertyPath: m_LocalRotation.x
      value: -0
      objectReference: {fileID: 0}
    - target: {fileID: 7850795427790099915, guid: c178bf9a374c181b58ef9a1a80625550,
        type: 3}
      propertyPath: m_LocalRotation.y
      value: -0
      objectReference: {fileID: 0}
    - target: {fileID: 7850795427790099915, guid: c178bf9a374c181b58ef9a1a80625550,
        type: 3}
      propertyPath: m_LocalRotation.z
      value: -0
      objectReference: {fileID: 0}
    - target: {fileID: 7850795427790099915, guid: c178bf9a374c181b58ef9a1a80625550,
        type: 3}
      propertyPath: m_AnchoredPosition.x
      value: 1068.56
      objectReference: {fileID: 0}
    - target: {fileID: 7850795427790099915, guid: c178bf9a374c181b58ef9a1a80625550,
        type: 3}
      propertyPath: m_AnchoredPosition.y
      value: -300
      objectReference: {fileID: 0}
    - target: {fileID: 7850795427790099915, guid: c178bf9a374c181b58ef9a1a80625550,
        type: 3}
      propertyPath: m_LocalEulerAnglesHint.x
      value: 0
      objectReference: {fileID: 0}
    - target: {fileID: 7850795427790099915, guid: c178bf9a374c181b58ef9a1a80625550,
        type: 3}
      propertyPath: m_LocalEulerAnglesHint.y
      value: 0
      objectReference: {fileID: 0}
    - target: {fileID: 7850795427790099915, guid: c178bf9a374c181b58ef9a1a80625550,
        type: 3}
      propertyPath: m_LocalEulerAnglesHint.z
      value: 0
      objectReference: {fileID: 0}
    m_RemovedComponents:
    - {fileID: 520609022907938897, guid: c178bf9a374c181b58ef9a1a80625550, type: 3}
    - {fileID: 2014732085, guid: c178bf9a374c181b58ef9a1a80625550, type: 3}
    m_RemovedGameObjects: []
    m_AddedGameObjects: []
    m_AddedComponents:
    - targetCorrespondingSourceObject: {fileID: 4738739939937534095, guid: c178bf9a374c181b58ef9a1a80625550,
        type: 3}
      insertIndex: -1
      addedObject: {fileID: 2661574461166368488}
  m_SourcePrefab: {fileID: 100100000, guid: c178bf9a374c181b58ef9a1a80625550, type: 3}
--- !u!224 &2199817696771906611 stripped
RectTransform:
  m_CorrespondingSourceObject: {fileID: 7850795427790099915, guid: c178bf9a374c181b58ef9a1a80625550,
    type: 3}
  m_PrefabInstance: {fileID: 8247483255499360760}
  m_PrefabAsset: {fileID: 0}
--- !u!1 &3726606150694291831 stripped
GameObject:
  m_CorrespondingSourceObject: {fileID: 4738739939937534095, guid: c178bf9a374c181b58ef9a1a80625550,
    type: 3}
  m_PrefabInstance: {fileID: 8247483255499360760}
  m_PrefabAsset: {fileID: 0}
--- !u!114 &2661574461166368488
MonoBehaviour:
  m_ObjectHideFlags: 0
  m_CorrespondingSourceObject: {fileID: 0}
  m_PrefabInstance: {fileID: 0}
  m_PrefabAsset: {fileID: 0}
  m_GameObject: {fileID: 3726606150694291831}
  m_Enabled: 1
  m_EditorHideFlags: 0
  m_Script: {fileID: 11500000, guid: 4e77400396842354c9d4602e7fc42b41, type: 3}
  m_Name: 
  m_EditorClassIdentifier: 
  Entry: MainMenu_StartQuestTourButton
  IsPlainText: 0
  Text: {fileID: 4596222840238969405}
--- !u!1 &4187995130686615526 stripped
GameObject:
  m_CorrespondingSourceObject: {fileID: 5218067999744960030, guid: c178bf9a374c181b58ef9a1a80625550,
    type: 3}
  m_PrefabInstance: {fileID: 8247483255499360760}
  m_PrefabAsset: {fileID: 0}
--- !u!114 &4596222840238969405 stripped
MonoBehaviour:
  m_CorrespondingSourceObject: {fileID: 5601882003898014661, guid: c178bf9a374c181b58ef9a1a80625550,
    type: 3}
  m_PrefabInstance: {fileID: 8247483255499360760}
  m_PrefabAsset: {fileID: 0}
  m_GameObject: {fileID: 3726606150694291831}
  m_Enabled: 1
  m_EditorHideFlags: 0
  m_Script: {fileID: 11500000, guid: f4688fdb7df04437aeb418b961361dc5, type: 3}
  m_Name: 
  m_EditorClassIdentifier: 
--- !u!1001 &8274025178073819128
PrefabInstance:
  m_ObjectHideFlags: 0
  serializedVersion: 2
  m_Modification:
    serializedVersion: 3
    m_TransformParent: {fileID: 5966248075389541365}
    m_Modifications:
    - target: {fileID: 520609022907938897, guid: c178bf9a374c181b58ef9a1a80625550,
        type: 3}
      propertyPath: m_StringReference.m_TableEntryReference.m_KeyId
      value: 22974455037386752
      objectReference: {fileID: 0}
    - target: {fileID: 520609022907938897, guid: c178bf9a374c181b58ef9a1a80625550,
        type: 3}
      propertyPath: m_UpdateString.m_PersistentCalls.m_Calls.Array.size
      value: 1
      objectReference: {fileID: 0}
    - target: {fileID: 520609022907938897, guid: c178bf9a374c181b58ef9a1a80625550,
        type: 3}
      propertyPath: m_StringReference.m_TableReference.m_TableCollectionName
      value: GUID:5efc5b5024dcd934797a8edc18bdea35
      objectReference: {fileID: 0}
    - target: {fileID: 520609022907938897, guid: c178bf9a374c181b58ef9a1a80625550,
        type: 3}
      propertyPath: m_UpdateString.m_PersistentCalls.m_Calls.Array.data[0].m_Mode
      value: 0
      objectReference: {fileID: 0}
    - target: {fileID: 520609022907938897, guid: c178bf9a374c181b58ef9a1a80625550,
        type: 3}
      propertyPath: m_UpdateString.m_PersistentCalls.m_Calls.Array.data[0].m_Target
      value: 
      objectReference: {fileID: 4570832630727375933}
    - target: {fileID: 520609022907938897, guid: c178bf9a374c181b58ef9a1a80625550,
        type: 3}
      propertyPath: m_UpdateString.m_PersistentCalls.m_Calls.Array.data[0].m_CallState
      value: 1
      objectReference: {fileID: 0}
    - target: {fileID: 520609022907938897, guid: c178bf9a374c181b58ef9a1a80625550,
        type: 3}
      propertyPath: m_UpdateString.m_PersistentCalls.m_Calls.Array.data[0].m_MethodName
      value: set_text
      objectReference: {fileID: 0}
    - target: {fileID: 520609022907938897, guid: c178bf9a374c181b58ef9a1a80625550,
        type: 3}
      propertyPath: m_UpdateString.m_PersistentCalls.m_Calls.Array.data[0].m_TargetAssemblyTypeName
      value: TMPro.TMP_Text, Unity.TextMeshPro
      objectReference: {fileID: 0}
    - target: {fileID: 520609022907938897, guid: c178bf9a374c181b58ef9a1a80625550,
        type: 3}
      propertyPath: m_UpdateString.m_PersistentCalls.m_Calls.Array.data[0].m_Arguments.m_ObjectArgumentAssemblyTypeName
      value: UnityEngine.Object, UnityEngine
      objectReference: {fileID: 0}
    - target: {fileID: 3382917114421442292, guid: c178bf9a374c181b58ef9a1a80625550,
        type: 3}
      propertyPath: m_Name
      value: StartMorse
      objectReference: {fileID: 0}
    - target: {fileID: 4016839880015868200, guid: c178bf9a374c181b58ef9a1a80625550,
        type: 3}
      propertyPath: m_AnchoredPosition.y
      value: 10
      objectReference: {fileID: 0}
    - target: {fileID: 6509434922651317307, guid: c178bf9a374c181b58ef9a1a80625550,
        type: 3}
      propertyPath: m_Sprite
      value: 
      objectReference: {fileID: 21300000, guid: cb8d608bcec56d44e9904ad43ee6e3dd,
        type: 3}
    - target: {fileID: 6509434922651317307, guid: c178bf9a374c181b58ef9a1a80625550,
        type: 3}
      propertyPath: m_PreserveAspect
      value: 1
      objectReference: {fileID: 0}
    - target: {fileID: 7850795427790099915, guid: c178bf9a374c181b58ef9a1a80625550,
        type: 3}
      propertyPath: m_Pivot.x
      value: 0.5
      objectReference: {fileID: 0}
    - target: {fileID: 7850795427790099915, guid: c178bf9a374c181b58ef9a1a80625550,
        type: 3}
      propertyPath: m_Pivot.y
      value: 0.5
      objectReference: {fileID: 0}
    - target: {fileID: 7850795427790099915, guid: c178bf9a374c181b58ef9a1a80625550,
        type: 3}
      propertyPath: m_RootOrder
      value: 3
      objectReference: {fileID: 0}
    - target: {fileID: 7850795427790099915, guid: c178bf9a374c181b58ef9a1a80625550,
        type: 3}
      propertyPath: m_AnchorMax.x
      value: 0
      objectReference: {fileID: 0}
    - target: {fileID: 7850795427790099915, guid: c178bf9a374c181b58ef9a1a80625550,
        type: 3}
      propertyPath: m_AnchorMax.y
      value: 1
      objectReference: {fileID: 0}
    - target: {fileID: 7850795427790099915, guid: c178bf9a374c181b58ef9a1a80625550,
        type: 3}
      propertyPath: m_AnchorMin.x
      value: 0
      objectReference: {fileID: 0}
    - target: {fileID: 7850795427790099915, guid: c178bf9a374c181b58ef9a1a80625550,
        type: 3}
      propertyPath: m_AnchorMin.y
      value: 1
      objectReference: {fileID: 0}
    - target: {fileID: 7850795427790099915, guid: c178bf9a374c181b58ef9a1a80625550,
        type: 3}
      propertyPath: m_SizeDelta.x
      value: 2137.12
      objectReference: {fileID: 0}
    - target: {fileID: 7850795427790099915, guid: c178bf9a374c181b58ef9a1a80625550,
        type: 3}
      propertyPath: m_SizeDelta.y
      value: 120
      objectReference: {fileID: 0}
    - target: {fileID: 7850795427790099915, guid: c178bf9a374c181b58ef9a1a80625550,
        type: 3}
      propertyPath: m_LocalPosition.x
      value: 0
      objectReference: {fileID: 0}
    - target: {fileID: 7850795427790099915, guid: c178bf9a374c181b58ef9a1a80625550,
        type: 3}
      propertyPath: m_LocalPosition.y
      value: 0
      objectReference: {fileID: 0}
    - target: {fileID: 7850795427790099915, guid: c178bf9a374c181b58ef9a1a80625550,
        type: 3}
      propertyPath: m_LocalPosition.z
      value: 0
      objectReference: {fileID: 0}
    - target: {fileID: 7850795427790099915, guid: c178bf9a374c181b58ef9a1a80625550,
        type: 3}
      propertyPath: m_LocalRotation.w
      value: 1
      objectReference: {fileID: 0}
    - target: {fileID: 7850795427790099915, guid: c178bf9a374c181b58ef9a1a80625550,
        type: 3}
      propertyPath: m_LocalRotation.x
      value: -0
      objectReference: {fileID: 0}
    - target: {fileID: 7850795427790099915, guid: c178bf9a374c181b58ef9a1a80625550,
        type: 3}
      propertyPath: m_LocalRotation.y
      value: -0
      objectReference: {fileID: 0}
    - target: {fileID: 7850795427790099915, guid: c178bf9a374c181b58ef9a1a80625550,
        type: 3}
      propertyPath: m_LocalRotation.z
      value: -0
      objectReference: {fileID: 0}
    - target: {fileID: 7850795427790099915, guid: c178bf9a374c181b58ef9a1a80625550,
        type: 3}
      propertyPath: m_AnchoredPosition.x
      value: 1068.56
      objectReference: {fileID: 0}
    - target: {fileID: 7850795427790099915, guid: c178bf9a374c181b58ef9a1a80625550,
        type: 3}
      propertyPath: m_AnchoredPosition.y
      value: -540
      objectReference: {fileID: 0}
    - target: {fileID: 7850795427790099915, guid: c178bf9a374c181b58ef9a1a80625550,
        type: 3}
      propertyPath: m_LocalEulerAnglesHint.x
      value: 0
      objectReference: {fileID: 0}
    - target: {fileID: 7850795427790099915, guid: c178bf9a374c181b58ef9a1a80625550,
        type: 3}
      propertyPath: m_LocalEulerAnglesHint.y
      value: 0
      objectReference: {fileID: 0}
    - target: {fileID: 7850795427790099915, guid: c178bf9a374c181b58ef9a1a80625550,
        type: 3}
      propertyPath: m_LocalEulerAnglesHint.z
      value: 0
      objectReference: {fileID: 0}
    m_RemovedComponents:
    - {fileID: 520609022907938897, guid: c178bf9a374c181b58ef9a1a80625550, type: 3}
    - {fileID: 2014732085, guid: c178bf9a374c181b58ef9a1a80625550, type: 3}
    m_RemovedGameObjects: []
    m_AddedGameObjects: []
    m_AddedComponents:
    - targetCorrespondingSourceObject: {fileID: 4738739939937534095, guid: c178bf9a374c181b58ef9a1a80625550,
        type: 3}
      insertIndex: -1
      addedObject: {fileID: 5207331981225187420}
  m_SourcePrefab: {fileID: 100100000, guid: c178bf9a374c181b58ef9a1a80625550, type: 3}
--- !u!224 &2170909668594610739 stripped
RectTransform:
  m_CorrespondingSourceObject: {fileID: 7850795427790099915, guid: c178bf9a374c181b58ef9a1a80625550,
    type: 3}
  m_PrefabInstance: {fileID: 8274025178073819128}
  m_PrefabAsset: {fileID: 0}
--- !u!1 &3679542950482978679 stripped
GameObject:
  m_CorrespondingSourceObject: {fileID: 4738739939937534095, guid: c178bf9a374c181b58ef9a1a80625550,
    type: 3}
  m_PrefabInstance: {fileID: 8274025178073819128}
  m_PrefabAsset: {fileID: 0}
--- !u!114 &5207331981225187420
MonoBehaviour:
  m_ObjectHideFlags: 0
  m_CorrespondingSourceObject: {fileID: 0}
  m_PrefabInstance: {fileID: 0}
  m_PrefabAsset: {fileID: 0}
  m_GameObject: {fileID: 3679542950482978679}
  m_Enabled: 1
  m_EditorHideFlags: 0
  m_Script: {fileID: 11500000, guid: 4e77400396842354c9d4602e7fc42b41, type: 3}
  m_Name: 
  m_EditorClassIdentifier: 
  Entry: StartMenu_MorseButton
  IsPlainText: 0
  Text: {fileID: 4570832630727375933}
--- !u!1 &4231540029968335334 stripped
GameObject:
  m_CorrespondingSourceObject: {fileID: 5218067999744960030, guid: c178bf9a374c181b58ef9a1a80625550,
    type: 3}
  m_PrefabInstance: {fileID: 8274025178073819128}
  m_PrefabAsset: {fileID: 0}
--- !u!114 &4570832630727375933 stripped
MonoBehaviour:
  m_CorrespondingSourceObject: {fileID: 5601882003898014661, guid: c178bf9a374c181b58ef9a1a80625550,
    type: 3}
  m_PrefabInstance: {fileID: 8274025178073819128}
  m_PrefabAsset: {fileID: 0}
  m_GameObject: {fileID: 3679542950482978679}
  m_Enabled: 1
  m_EditorHideFlags: 0
  m_Script: {fileID: 11500000, guid: f4688fdb7df04437aeb418b961361dc5, type: 3}
  m_Name: 
  m_EditorClassIdentifier: 
--- !u!1001 &8643708934327472693
PrefabInstance:
  m_ObjectHideFlags: 0
  serializedVersion: 2
  m_Modification:
    serializedVersion: 3
    m_TransformParent: {fileID: 5966248075389541365}
    m_Modifications:
    - target: {fileID: 520609022907938897, guid: c178bf9a374c181b58ef9a1a80625550,
        type: 3}
      propertyPath: m_StringReference.m_TableEntryReference.m_KeyId
      value: 1406951352365056
      objectReference: {fileID: 0}
    - target: {fileID: 520609022907938897, guid: c178bf9a374c181b58ef9a1a80625550,
        type: 3}
      propertyPath: m_UpdateString.m_PersistentCalls.m_Calls.Array.size
      value: 1
      objectReference: {fileID: 0}
    - target: {fileID: 520609022907938897, guid: c178bf9a374c181b58ef9a1a80625550,
        type: 3}
      propertyPath: m_StringReference.m_TableReference.m_TableCollectionName
      value: GUID:5efc5b5024dcd934797a8edc18bdea35
      objectReference: {fileID: 0}
    - target: {fileID: 520609022907938897, guid: c178bf9a374c181b58ef9a1a80625550,
        type: 3}
      propertyPath: m_UpdateString.m_PersistentCalls.m_Calls.Array.data[0].m_Mode
      value: 0
      objectReference: {fileID: 0}
    - target: {fileID: 520609022907938897, guid: c178bf9a374c181b58ef9a1a80625550,
        type: 3}
      propertyPath: m_UpdateString.m_PersistentCalls.m_Calls.Array.data[0].m_Target
      value: 
      objectReference: {fileID: 4200026090968386032}
    - target: {fileID: 520609022907938897, guid: c178bf9a374c181b58ef9a1a80625550,
        type: 3}
      propertyPath: m_UpdateString.m_PersistentCalls.m_Calls.Array.data[0].m_CallState
      value: 1
      objectReference: {fileID: 0}
    - target: {fileID: 520609022907938897, guid: c178bf9a374c181b58ef9a1a80625550,
        type: 3}
      propertyPath: m_UpdateString.m_PersistentCalls.m_Calls.Array.data[0].m_MethodName
      value: set_text
      objectReference: {fileID: 0}
    - target: {fileID: 520609022907938897, guid: c178bf9a374c181b58ef9a1a80625550,
        type: 3}
      propertyPath: m_UpdateString.m_PersistentCalls.m_Calls.Array.data[0].m_TargetAssemblyTypeName
      value: TMPro.TMP_Text, Unity.TextMeshPro
      objectReference: {fileID: 0}
    - target: {fileID: 520609022907938897, guid: c178bf9a374c181b58ef9a1a80625550,
        type: 3}
      propertyPath: m_UpdateString.m_PersistentCalls.m_Calls.Array.data[0].m_Arguments.m_ObjectArgumentAssemblyTypeName
      value: UnityEngine.Object, UnityEngine
      objectReference: {fileID: 0}
    - target: {fileID: 3382917114421442292, guid: c178bf9a374c181b58ef9a1a80625550,
        type: 3}
      propertyPath: m_Name
      value: BoatScheme
      objectReference: {fileID: 0}
    - target: {fileID: 5601882003898014661, guid: c178bf9a374c181b58ef9a1a80625550,
        type: 3}
      propertyPath: m_text
      value: "\u041F\u043B\u0430\u043D-\u0441\u0445\u0435\u043C\u0430 \u043F\u043E\u0434\u0432\u043E\u0434\u043D\u043E\u0439
        \u043B\u043E\u0434\u043A\u0438 \"\u0414-2 \u041D\u0430\u0440\u043E\u0434\u043E\u0432\u043E\u043B\u0435\u0446\""
      objectReference: {fileID: 0}
    - target: {fileID: 6509434922651317307, guid: c178bf9a374c181b58ef9a1a80625550,
        type: 3}
      propertyPath: m_Sprite
      value: 
      objectReference: {fileID: 21300000, guid: 6ab7c7e78b8c584a1b704f1f8c4a44df,
        type: 3}
    - target: {fileID: 6509434922651317307, guid: c178bf9a374c181b58ef9a1a80625550,
        type: 3}
      propertyPath: m_PreserveAspect
      value: 1
      objectReference: {fileID: 0}
    - target: {fileID: 7379128335536877951, guid: c178bf9a374c181b58ef9a1a80625550,
        type: 3}
      propertyPath: m_PreferredHeight
      value: 50.54
      objectReference: {fileID: 0}
    - target: {fileID: 7850795427790099915, guid: c178bf9a374c181b58ef9a1a80625550,
        type: 3}
      propertyPath: m_Pivot.x
      value: 0.5
      objectReference: {fileID: 0}
    - target: {fileID: 7850795427790099915, guid: c178bf9a374c181b58ef9a1a80625550,
        type: 3}
      propertyPath: m_Pivot.y
      value: 0.5
      objectReference: {fileID: 0}
    - target: {fileID: 7850795427790099915, guid: c178bf9a374c181b58ef9a1a80625550,
        type: 3}
      propertyPath: m_RootOrder
      value: 4
      objectReference: {fileID: 0}
    - target: {fileID: 7850795427790099915, guid: c178bf9a374c181b58ef9a1a80625550,
        type: 3}
      propertyPath: m_AnchorMax.x
      value: 0
      objectReference: {fileID: 0}
    - target: {fileID: 7850795427790099915, guid: c178bf9a374c181b58ef9a1a80625550,
        type: 3}
      propertyPath: m_AnchorMax.y
      value: 1
      objectReference: {fileID: 0}
    - target: {fileID: 7850795427790099915, guid: c178bf9a374c181b58ef9a1a80625550,
        type: 3}
      propertyPath: m_AnchorMin.x
      value: 0
      objectReference: {fileID: 0}
    - target: {fileID: 7850795427790099915, guid: c178bf9a374c181b58ef9a1a80625550,
        type: 3}
      propertyPath: m_AnchorMin.y
      value: 1
      objectReference: {fileID: 0}
    - target: {fileID: 7850795427790099915, guid: c178bf9a374c181b58ef9a1a80625550,
        type: 3}
      propertyPath: m_SizeDelta.x
      value: 2137.12
      objectReference: {fileID: 0}
    - target: {fileID: 7850795427790099915, guid: c178bf9a374c181b58ef9a1a80625550,
        type: 3}
      propertyPath: m_SizeDelta.y
      value: 120
      objectReference: {fileID: 0}
    - target: {fileID: 7850795427790099915, guid: c178bf9a374c181b58ef9a1a80625550,
        type: 3}
      propertyPath: m_LocalPosition.x
      value: 0
      objectReference: {fileID: 0}
    - target: {fileID: 7850795427790099915, guid: c178bf9a374c181b58ef9a1a80625550,
        type: 3}
      propertyPath: m_LocalPosition.y
      value: 0
      objectReference: {fileID: 0}
    - target: {fileID: 7850795427790099915, guid: c178bf9a374c181b58ef9a1a80625550,
        type: 3}
      propertyPath: m_LocalPosition.z
      value: 0
      objectReference: {fileID: 0}
    - target: {fileID: 7850795427790099915, guid: c178bf9a374c181b58ef9a1a80625550,
        type: 3}
      propertyPath: m_LocalRotation.w
      value: 1
      objectReference: {fileID: 0}
    - target: {fileID: 7850795427790099915, guid: c178bf9a374c181b58ef9a1a80625550,
        type: 3}
      propertyPath: m_LocalRotation.x
      value: -0
      objectReference: {fileID: 0}
    - target: {fileID: 7850795427790099915, guid: c178bf9a374c181b58ef9a1a80625550,
        type: 3}
      propertyPath: m_LocalRotation.y
      value: -0
      objectReference: {fileID: 0}
    - target: {fileID: 7850795427790099915, guid: c178bf9a374c181b58ef9a1a80625550,
        type: 3}
      propertyPath: m_LocalRotation.z
      value: -0
      objectReference: {fileID: 0}
    - target: {fileID: 7850795427790099915, guid: c178bf9a374c181b58ef9a1a80625550,
        type: 3}
      propertyPath: m_AnchoredPosition.x
      value: 1068.56
      objectReference: {fileID: 0}
    - target: {fileID: 7850795427790099915, guid: c178bf9a374c181b58ef9a1a80625550,
        type: 3}
      propertyPath: m_AnchoredPosition.y
      value: -660
      objectReference: {fileID: 0}
    - target: {fileID: 7850795427790099915, guid: c178bf9a374c181b58ef9a1a80625550,
        type: 3}
      propertyPath: m_LocalEulerAnglesHint.x
      value: 0
      objectReference: {fileID: 0}
    - target: {fileID: 7850795427790099915, guid: c178bf9a374c181b58ef9a1a80625550,
        type: 3}
      propertyPath: m_LocalEulerAnglesHint.y
      value: 0
      objectReference: {fileID: 0}
    - target: {fileID: 7850795427790099915, guid: c178bf9a374c181b58ef9a1a80625550,
        type: 3}
      propertyPath: m_LocalEulerAnglesHint.z
      value: 0
      objectReference: {fileID: 0}
    m_RemovedComponents:
    - {fileID: 520609022907938897, guid: c178bf9a374c181b58ef9a1a80625550, type: 3}
    - {fileID: 2014732085, guid: c178bf9a374c181b58ef9a1a80625550, type: 3}
    m_RemovedGameObjects: []
    m_AddedGameObjects: []
    m_AddedComponents:
    - targetCorrespondingSourceObject: {fileID: 4738739939937534095, guid: c178bf9a374c181b58ef9a1a80625550,
        type: 3}
      insertIndex: -1
      addedObject: {fileID: 1210011830}
  m_SourcePrefab: {fileID: 100100000, guid: c178bf9a374c181b58ef9a1a80625550, type: 3}
--- !u!224 &1947595329310623742 stripped
RectTransform:
  m_CorrespondingSourceObject: {fileID: 7850795427790099915, guid: c178bf9a374c181b58ef9a1a80625550,
    type: 3}
  m_PrefabInstance: {fileID: 8643708934327472693}
  m_PrefabAsset: {fileID: 0}
--- !u!1 &3906870086586815162 stripped
GameObject:
  m_CorrespondingSourceObject: {fileID: 4738739939937534095, guid: c178bf9a374c181b58ef9a1a80625550,
    type: 3}
  m_PrefabInstance: {fileID: 8643708934327472693}
  m_PrefabAsset: {fileID: 0}
--- !u!114 &1210011830
MonoBehaviour:
  m_ObjectHideFlags: 0
  m_CorrespondingSourceObject: {fileID: 0}
  m_PrefabInstance: {fileID: 0}
  m_PrefabAsset: {fileID: 0}
  m_GameObject: {fileID: 3906870086586815162}
  m_Enabled: 1
  m_EditorHideFlags: 0
  m_Script: {fileID: 11500000, guid: 4e77400396842354c9d4602e7fc42b41, type: 3}
  m_Name: 
  m_EditorClassIdentifier: 
  Entry: MainMenu_SubmarineSchemeButton
  IsPlainText: 0
  Text: {fileID: 4200026090968386032}
--- !u!114 &4200026090968386032 stripped
MonoBehaviour:
  m_CorrespondingSourceObject: {fileID: 5601882003898014661, guid: c178bf9a374c181b58ef9a1a80625550,
    type: 3}
  m_PrefabInstance: {fileID: 8643708934327472693}
  m_PrefabAsset: {fileID: 0}
  m_GameObject: {fileID: 3906870086586815162}
  m_Enabled: 1
  m_EditorHideFlags: 0
  m_Script: {fileID: 11500000, guid: f4688fdb7df04437aeb418b961361dc5, type: 3}
  m_Name: 
  m_EditorClassIdentifier: 
--- !u!1 &4584332684885767211 stripped
GameObject:
  m_CorrespondingSourceObject: {fileID: 5218067999744960030, guid: c178bf9a374c181b58ef9a1a80625550,
    type: 3}
  m_PrefabInstance: {fileID: 8643708934327472693}
  m_PrefabAsset: {fileID: 0}
