%YAML 1.1
%TAG !u! tag:unity3d.com,2011:
--- !u!1 &2623195587714540168
GameObject:
  m_ObjectHideFlags: 0
  m_CorrespondingSourceObject: {fileID: 0}
  m_PrefabInstance: {fileID: 0}
  m_PrefabAsset: {fileID: 0}
  serializedVersion: 6
  m_Component:
  - component: {fileID: 4602461484067912756}
  - component: {fileID: 5458266538148137612}
  - component: {fileID: 6281705217720968563}
  m_Layer: 5
  m_Name: Content
  m_TagString: Untagged
  m_Icon: {fileID: 0}
  m_NavMeshLayer: 0
  m_StaticEditorFlags: 0
  m_IsActive: 1
--- !u!224 &4602461484067912756
RectTransform:
  m_ObjectHideFlags: 0
  m_CorrespondingSourceObject: {fileID: 0}
  m_PrefabInstance: {fileID: 0}
  m_PrefabAsset: {fileID: 0}
  m_GameObject: {fileID: 2623195587714540168}
  m_LocalRotation: {x: -0, y: -0, z: -0, w: 1}
  m_LocalPosition: {x: 0, y: 0, z: 0}
  m_LocalScale: {x: 1, y: 1, z: 1}
  m_ConstrainProportionsScale: 0
  m_Children:
  - {fileID: 2147645922737417365}
  - {fileID: 4010717797373083882}
  - {fileID: 2716634424409160205}
  - {fileID: 7189465929052701422}
  - {fileID: 2451260355280040812}
  - {fileID: 5441261107854415749}
  - {fileID: 8246447652589284838}
  - {fileID: 5638345830448551746}
  - {fileID: 1090970741681980463}
  - {fileID: 7267532011489383787}
  - {fileID: 7809884251539974322}
  - {fileID: 8359888211546311612}
  m_Father: {fileID: 8730195788771345781}
  m_RootOrder: 0
  m_LocalEulerAnglesHint: {x: 0, y: 0, z: 0}
  m_AnchorMin: {x: 0, y: 1}
  m_AnchorMax: {x: 1, y: 1}
  m_AnchoredPosition: {x: 0, y: 0}
  m_SizeDelta: {x: 0, y: 0}
  m_Pivot: {x: 0.5, y: 1}
--- !u!114 &5458266538148137612
MonoBehaviour:
  m_ObjectHideFlags: 0
  m_CorrespondingSourceObject: {fileID: 0}
  m_PrefabInstance: {fileID: 0}
  m_PrefabAsset: {fileID: 0}
  m_GameObject: {fileID: 2623195587714540168}
  m_Enabled: 1
  m_EditorHideFlags: 0
  m_Script: {fileID: 11500000, guid: 59f8146938fff824cb5fd77236b75775, type: 3}
  m_Name: 
  m_EditorClassIdentifier: 
  m_Padding:
    m_Left: 0
    m_Right: 0
    m_Top: 5
    m_Bottom: 0
  m_ChildAlignment: 0
  m_Spacing: 30
  m_ChildForceExpandWidth: 1
  m_ChildForceExpandHeight: 0
  m_ChildControlWidth: 1
  m_ChildControlHeight: 0
  m_ChildScaleWidth: 0
  m_ChildScaleHeight: 0
  m_ReverseArrangement: 0
--- !u!114 &6281705217720968563
MonoBehaviour:
  m_ObjectHideFlags: 0
  m_CorrespondingSourceObject: {fileID: 0}
  m_PrefabInstance: {fileID: 0}
  m_PrefabAsset: {fileID: 0}
  m_GameObject: {fileID: 2623195587714540168}
  m_Enabled: 1
  m_EditorHideFlags: 0
  m_Script: {fileID: 11500000, guid: 3245ec927659c4140ac4f8d17403cc18, type: 3}
  m_Name: 
  m_EditorClassIdentifier: 
  m_HorizontalFit: 0
  m_VerticalFit: 2
--- !u!1 &5698918710797034770
GameObject:
  m_ObjectHideFlags: 0
  m_CorrespondingSourceObject: {fileID: 0}
  m_PrefabInstance: {fileID: 0}
  m_PrefabAsset: {fileID: 0}
  serializedVersion: 6
  m_Component:
  - component: {fileID: 4149577634122276692}
  m_Layer: 5
  m_Name: Background
  m_TagString: Untagged
  m_Icon: {fileID: 0}
  m_NavMeshLayer: 0
  m_StaticEditorFlags: 0
  m_IsActive: 1
--- !u!224 &4149577634122276692
RectTransform:
  m_ObjectHideFlags: 0
  m_CorrespondingSourceObject: {fileID: 0}
  m_PrefabInstance: {fileID: 0}
  m_PrefabAsset: {fileID: 0}
  m_GameObject: {fileID: 5698918710797034770}
  m_LocalRotation: {x: 0, y: 0, z: 0, w: 1}
  m_LocalPosition: {x: 0, y: 0, z: 0}
  m_LocalScale: {x: 1, y: 1, z: 1}
  m_ConstrainProportionsScale: 0
  m_Children: []
  m_Father: {fileID: 8104676393964910982}
  m_RootOrder: 0
  m_LocalEulerAnglesHint: {x: 0, y: 0, z: 0}
  m_AnchorMin: {x: 0, y: 1}
  m_AnchorMax: {x: 1, y: 1}
  m_AnchoredPosition: {x: 0, y: 0.000061035156}
  m_SizeDelta: {x: 0, y: 104.867615}
  m_Pivot: {x: 0.5, y: 1}
--- !u!1 &5743744015942183647
GameObject:
  m_ObjectHideFlags: 0
  m_CorrespondingSourceObject: {fileID: 0}
  m_PrefabInstance: {fileID: 0}
  m_PrefabAsset: {fileID: 0}
  serializedVersion: 6
  m_Component:
  - component: {fileID: 6925542233030085649}
  - component: {fileID: 2659946939471807862}
  - component: {fileID: 232684547893736687}
  - component: {fileID: 4576637280211093439}
  m_Layer: 5
  m_Name: ExhibitLabel
  m_TagString: Untagged
  m_Icon: {fileID: 0}
  m_NavMeshLayer: 0
  m_StaticEditorFlags: 0
  m_IsActive: 1
--- !u!224 &6925542233030085649
RectTransform:
  m_ObjectHideFlags: 0
  m_CorrespondingSourceObject: {fileID: 0}
  m_PrefabInstance: {fileID: 0}
  m_PrefabAsset: {fileID: 0}
  m_GameObject: {fileID: 5743744015942183647}
  m_LocalRotation: {x: -0, y: -0, z: -0, w: 1}
  m_LocalPosition: {x: 0, y: 0, z: 0}
  m_LocalScale: {x: 1, y: 1, z: 1}
  m_ConstrainProportionsScale: 0
  m_Children: []
  m_Father: {fileID: 6730300220973416282}
  m_RootOrder: 0
  m_LocalEulerAnglesHint: {x: 0, y: 0, z: 0}
  m_AnchorMin: {x: 0.11339584, y: 1}
  m_AnchorMax: {x: 0.2391667, y: 1}
  m_AnchoredPosition: {x: 367.14, y: -74}
  m_SizeDelta: {x: 633.78, y: 112.9009}
  m_Pivot: {x: 0.5, y: 0.5}
--- !u!222 &2659946939471807862
CanvasRenderer:
  m_ObjectHideFlags: 0
  m_CorrespondingSourceObject: {fileID: 0}
  m_PrefabInstance: {fileID: 0}
  m_PrefabAsset: {fileID: 0}
  m_GameObject: {fileID: 5743744015942183647}
  m_CullTransparentMesh: 1
--- !u!114 &232684547893736687
MonoBehaviour:
  m_ObjectHideFlags: 0
  m_CorrespondingSourceObject: {fileID: 0}
  m_PrefabInstance: {fileID: 0}
  m_PrefabAsset: {fileID: 0}
  m_GameObject: {fileID: 5743744015942183647}
  m_Enabled: 1
  m_EditorHideFlags: 0
  m_Script: {fileID: 11500000, guid: f4688fdb7df04437aeb418b961361dc5, type: 3}
  m_Name: 
  m_EditorClassIdentifier: 
  m_Material: {fileID: 0}
  m_Color: {r: 1, g: 1, b: 1, a: 1}
  m_RaycastTarget: 1
  m_RaycastPadding: {x: 0, y: 0, z: 0, w: 0}
  m_Maskable: 1
  m_OnCullStateChanged:
    m_PersistentCalls:
      m_Calls: []
  m_text: "\u0422\u0435\u043A\u0441\u0442"
  m_isRightToLeft: 0
  m_fontAsset: {fileID: 11400000, guid: 15772b5be575e4ff1af863c4edbf6be8, type: 2}
  m_sharedMaterial: {fileID: -8088305349143585257, guid: 15772b5be575e4ff1af863c4edbf6be8,
    type: 2}
  m_fontSharedMaterials: []
  m_fontMaterial: {fileID: 0}
  m_fontMaterials: []
  m_fontColor32:
    serializedVersion: 2
    rgba: 4294967295
  m_fontColor: {r: 1, g: 1, b: 1, a: 1}
  m_enableVertexGradient: 0
  m_colorMode: 3
  m_fontColorGradient:
    topLeft: {r: 1, g: 1, b: 1, a: 1}
    topRight: {r: 1, g: 1, b: 1, a: 1}
    bottomLeft: {r: 1, g: 1, b: 1, a: 1}
    bottomRight: {r: 1, g: 1, b: 1, a: 1}
  m_fontColorGradientPreset: {fileID: 0}
  m_spriteAsset: {fileID: 0}
  m_tintAllSprites: 0
  m_StyleSheet: {fileID: 0}
  m_TextStyleHashCode: -1183493901
  m_overrideHtmlColors: 0
  m_faceColor:
    serializedVersion: 2
    rgba: 4294967295
  m_fontSize: 45
  m_fontSizeBase: 45
  m_fontWeight: 400
  m_enableAutoSizing: 0
  m_fontSizeMin: 18
  m_fontSizeMax: 72
  m_fontStyle: 0
  m_HorizontalAlignment: 1
  m_VerticalAlignment: 512
  m_textAlignment: 65535
  m_characterSpacing: 0
  m_wordSpacing: 0
  m_lineSpacing: 0
  m_lineSpacingMax: 0
  m_paragraphSpacing: 0
  m_charWidthMaxAdj: 0
  m_enableWordWrapping: 1
  m_wordWrappingRatios: 0.4
  m_overflowMode: 0
  m_linkedTextComponent: {fileID: 0}
  parentLinkedComponent: {fileID: 0}
  m_enableKerning: 1
  m_enableExtraPadding: 0
  checkPaddingRequired: 0
  m_isRichText: 1
  m_parseCtrlCharacters: 1
  m_isOrthographic: 1
  m_isCullingEnabled: 0
  m_horizontalMapping: 0
  m_verticalMapping: 0
  m_uvLineOffset: 0
  m_geometrySortingOrder: 0
  m_IsTextObjectScaleStatic: 0
  m_VertexBufferAutoSizeReduction: 0
  m_useMaxVisibleDescender: 1
  m_pageToDisplay: 1
  m_margin: {x: 0, y: 0, z: 0, w: 0}
  m_isUsingLegacyAnimationComponent: 0
  m_isVolumetricText: 0
  m_hasFontAssetChanged: 0
  m_baseMaterial: {fileID: 0}
  m_maskOffset: {x: 0, y: 0, z: 0, w: 0}
--- !u!114 &4576637280211093439
MonoBehaviour:
  m_ObjectHideFlags: 0
  m_CorrespondingSourceObject: {fileID: 0}
  m_PrefabInstance: {fileID: 0}
  m_PrefabAsset: {fileID: 0}
  m_GameObject: {fileID: 5743744015942183647}
  m_Enabled: 1
  m_EditorHideFlags: 0
  m_Script: {fileID: 11500000, guid: 4e77400396842354c9d4602e7fc42b41, type: 3}
  m_Name: 
  m_EditorClassIdentifier: 
  Table: Default
  Entry: DefaultString
  Text: {fileID: 232684547893736687}
--- !u!1 &5954728593010493839
GameObject:
  m_ObjectHideFlags: 0
  m_CorrespondingSourceObject: {fileID: 0}
  m_PrefabInstance: {fileID: 0}
  m_PrefabAsset: {fileID: 0}
  serializedVersion: 6
  m_Component:
  - component: {fileID: 8104676393964910982}
  - component: {fileID: 3657605092560785861}
  m_Layer: 5
  m_Name: Background
  m_TagString: Untagged
  m_Icon: {fileID: 0}
  m_NavMeshLayer: 0
  m_StaticEditorFlags: 0
  m_IsActive: 1
--- !u!224 &8104676393964910982
RectTransform:
  m_ObjectHideFlags: 0
  m_CorrespondingSourceObject: {fileID: 0}
  m_PrefabInstance: {fileID: 0}
  m_PrefabAsset: {fileID: 0}
  m_GameObject: {fileID: 5954728593010493839}
  m_LocalRotation: {x: -0, y: -0, z: -0, w: 1}
  m_LocalPosition: {x: 0, y: 0, z: 0}
  m_LocalScale: {x: 1, y: 1, z: 1}
  m_ConstrainProportionsScale: 0
  m_Children:
  - {fileID: 4149577634122276692}
  - {fileID: 4372484478473535251}
  m_Father: {fileID: 6730300220973416282}
  m_RootOrder: 1
  m_LocalEulerAnglesHint: {x: 0, y: 0, z: 0}
  m_AnchorMin: {x: 0.11339584, y: 0.2643704}
  m_AnchorMax: {x: 0.87447923, y: 0.85262966}
  m_AnchoredPosition: {x: 4.9470215, y: -61.40027}
  m_SizeDelta: {x: -14.105957, y: 134.19788}
  m_Pivot: {x: 0.5, y: 0.5}
--- !u!114 &3657605092560785861
MonoBehaviour:
  m_ObjectHideFlags: 0
  m_CorrespondingSourceObject: {fileID: 0}
  m_PrefabInstance: {fileID: 0}
  m_PrefabAsset: {fileID: 0}
  m_GameObject: {fileID: 5954728593010493839}
  m_Enabled: 0
  m_EditorHideFlags: 0
  m_Script: {fileID: 11500000, guid: 59f8146938fff824cb5fd77236b75775, type: 3}
  m_Name: 
  m_EditorClassIdentifier: 
  m_Padding:
    m_Left: 0
    m_Right: 0
    m_Top: 0
    m_Bottom: 0
  m_ChildAlignment: 0
  m_Spacing: 25
  m_ChildForceExpandWidth: 1
  m_ChildForceExpandHeight: 1
  m_ChildControlWidth: 0
  m_ChildControlHeight: 0
  m_ChildScaleWidth: 0
  m_ChildScaleHeight: 0
  m_ReverseArrangement: 0
--- !u!1 &6567871404722111843
GameObject:
  m_ObjectHideFlags: 0
  m_CorrespondingSourceObject: {fileID: 0}
  m_PrefabInstance: {fileID: 0}
  m_PrefabAsset: {fileID: 0}
  serializedVersion: 6
  m_Component:
  - component: {fileID: 4372484478473535251}
  - component: {fileID: 586524255047016329}
  - component: {fileID: 2279392257530583470}
  - component: {fileID: 7192998443438339101}
  m_Layer: 5
  m_Name: Exhibits
  m_TagString: Untagged
  m_Icon: {fileID: 0}
  m_NavMeshLayer: 0
  m_StaticEditorFlags: 0
  m_IsActive: 1
--- !u!224 &4372484478473535251
RectTransform:
  m_ObjectHideFlags: 0
  m_CorrespondingSourceObject: {fileID: 0}
  m_PrefabInstance: {fileID: 0}
  m_PrefabAsset: {fileID: 0}
  m_GameObject: {fileID: 6567871404722111843}
  m_LocalRotation: {x: -0, y: -0, z: -0, w: 1}
  m_LocalPosition: {x: 0, y: 0, z: 0}
  m_LocalScale: {x: 1, y: 1, z: 1}
  m_ConstrainProportionsScale: 0
  m_Children:
  - {fileID: 8730195788771345781}
  m_Father: {fileID: 8104676393964910982}
  m_RootOrder: 1
  m_LocalEulerAnglesHint: {x: 0, y: 0, z: 0}
  m_AnchorMin: {x: 0, y: 0}
  m_AnchorMax: {x: 1, y: 1}
  m_AnchoredPosition: {x: 0, y: 0}
  m_SizeDelta: {x: 0, y: 0}
  m_Pivot: {x: 0.5, y: 0.5}
--- !u!222 &586524255047016329
CanvasRenderer:
  m_ObjectHideFlags: 0
  m_CorrespondingSourceObject: {fileID: 0}
  m_PrefabInstance: {fileID: 0}
  m_PrefabAsset: {fileID: 0}
  m_GameObject: {fileID: 6567871404722111843}
  m_CullTransparentMesh: 1
--- !u!114 &2279392257530583470
MonoBehaviour:
  m_ObjectHideFlags: 0
  m_CorrespondingSourceObject: {fileID: 0}
  m_PrefabInstance: {fileID: 0}
  m_PrefabAsset: {fileID: 0}
  m_GameObject: {fileID: 6567871404722111843}
  m_Enabled: 0
  m_EditorHideFlags: 0
  m_Script: {fileID: 11500000, guid: fe87c0e1cc204ed48ad3b37840f39efc, type: 3}
  m_Name: 
  m_EditorClassIdentifier: 
  m_Material: {fileID: 0}
  m_Color: {r: 1, g: 1, b: 1, a: 0.392}
  m_RaycastTarget: 1
  m_RaycastPadding: {x: 0, y: 0, z: 0, w: 0}
  m_Maskable: 1
  m_OnCullStateChanged:
    m_PersistentCalls:
      m_Calls: []
  m_Sprite: {fileID: 10907, guid: 0000000000000000f000000000000000, type: 0}
  m_Type: 1
  m_PreserveAspect: 0
  m_FillCenter: 1
  m_FillMethod: 4
  m_FillAmount: 1
  m_FillClockwise: 1
  m_FillOrigin: 0
  m_UseSpriteMesh: 0
  m_PixelsPerUnitMultiplier: 1
--- !u!114 &7192998443438339101
MonoBehaviour:
  m_ObjectHideFlags: 0
  m_CorrespondingSourceObject: {fileID: 0}
  m_PrefabInstance: {fileID: 0}
  m_PrefabAsset: {fileID: 0}
  m_GameObject: {fileID: 6567871404722111843}
  m_Enabled: 1
  m_EditorHideFlags: 0
  m_Script: {fileID: 11500000, guid: 1aa08ab6e0800fa44ae55d278d1423e3, type: 3}
  m_Name: 
  m_EditorClassIdentifier: 
  m_Content: {fileID: 4602461484067912756}
  m_Horizontal: 0
  m_Vertical: 1
  m_MovementType: 1
  m_Elasticity: 0.1
  m_Inertia: 1
  m_DecelerationRate: 0.135
  m_ScrollSensitivity: 1
  m_Viewport: {fileID: 8730195788771345781}
  m_HorizontalScrollbar: {fileID: 0}
  m_VerticalScrollbar: {fileID: 0}
  m_HorizontalScrollbarVisibility: 2
  m_VerticalScrollbarVisibility: 2
  m_HorizontalScrollbarSpacing: -3
  m_VerticalScrollbarSpacing: -3
  m_OnValueChanged:
    m_PersistentCalls:
      m_Calls: []
--- !u!1 &7782383049430011809
GameObject:
  m_ObjectHideFlags: 0
  m_CorrespondingSourceObject: {fileID: 0}
  m_PrefabInstance: {fileID: 0}
  m_PrefabAsset: {fileID: 0}
  serializedVersion: 6
  m_Component:
  - component: {fileID: 8730195788771345781}
  - component: {fileID: 5844220813854960472}
  - component: {fileID: 8697487938422613308}
  - component: {fileID: 6399374431021996873}
  m_Layer: 5
  m_Name: Viewport
  m_TagString: Untagged
  m_Icon: {fileID: 0}
  m_NavMeshLayer: 0
  m_StaticEditorFlags: 0
  m_IsActive: 1
--- !u!224 &8730195788771345781
RectTransform:
  m_ObjectHideFlags: 0
  m_CorrespondingSourceObject: {fileID: 0}
  m_PrefabInstance: {fileID: 0}
  m_PrefabAsset: {fileID: 0}
  m_GameObject: {fileID: 7782383049430011809}
  m_LocalRotation: {x: -0, y: -0, z: -0, w: 1}
  m_LocalPosition: {x: 0, y: 0, z: 0}
  m_LocalScale: {x: 1, y: 1, z: 1}
  m_ConstrainProportionsScale: 0
  m_Children:
  - {fileID: 4602461484067912756}
  m_Father: {fileID: 4372484478473535251}
  m_RootOrder: 0
  m_LocalEulerAnglesHint: {x: 0, y: 0, z: 0}
  m_AnchorMin: {x: 0, y: 0}
  m_AnchorMax: {x: 1, y: 1}
  m_AnchoredPosition: {x: 0, y: 0}
  m_SizeDelta: {x: 0, y: 0}
  m_Pivot: {x: 0, y: 1}
--- !u!222 &5844220813854960472
CanvasRenderer:
  m_ObjectHideFlags: 0
  m_CorrespondingSourceObject: {fileID: 0}
  m_PrefabInstance: {fileID: 0}
  m_PrefabAsset: {fileID: 0}
  m_GameObject: {fileID: 7782383049430011809}
  m_CullTransparentMesh: 1
--- !u!114 &8697487938422613308
MonoBehaviour:
  m_ObjectHideFlags: 0
  m_CorrespondingSourceObject: {fileID: 0}
  m_PrefabInstance: {fileID: 0}
  m_PrefabAsset: {fileID: 0}
  m_GameObject: {fileID: 7782383049430011809}
  m_Enabled: 1
  m_EditorHideFlags: 0
  m_Script: {fileID: 11500000, guid: fe87c0e1cc204ed48ad3b37840f39efc, type: 3}
  m_Name: 
  m_EditorClassIdentifier: 
  m_Material: {fileID: 0}
  m_Color: {r: 1, g: 1, b: 1, a: 1}
  m_RaycastTarget: 1
  m_RaycastPadding: {x: 0, y: 0, z: 0, w: 0}
  m_Maskable: 1
  m_OnCullStateChanged:
    m_PersistentCalls:
      m_Calls: []
  m_Sprite: {fileID: 10917, guid: 0000000000000000f000000000000000, type: 0}
  m_Type: 1
  m_PreserveAspect: 0
  m_FillCenter: 1
  m_FillMethod: 4
  m_FillAmount: 1
  m_FillClockwise: 1
  m_FillOrigin: 0
  m_UseSpriteMesh: 0
  m_PixelsPerUnitMultiplier: 1
--- !u!114 &6399374431021996873
MonoBehaviour:
  m_ObjectHideFlags: 0
  m_CorrespondingSourceObject: {fileID: 0}
  m_PrefabInstance: {fileID: 0}
  m_PrefabAsset: {fileID: 0}
  m_GameObject: {fileID: 7782383049430011809}
  m_Enabled: 1
  m_EditorHideFlags: 0
  m_Script: {fileID: 11500000, guid: 31a19414c41e5ae4aae2af33fee712f6, type: 3}
  m_Name: 
  m_EditorClassIdentifier: 
  m_ShowMaskGraphic: 0
--- !u!1001 &273498793688596043
PrefabInstance:
  m_ObjectHideFlags: 0
  serializedVersion: 2
  m_Modification:
    m_TransformParent: {fileID: 4602461484067912756}
    m_Modifications:
    - target: {fileID: 1907005046641536712, guid: aed66a49a9b7fef469cd8e6dd868d2ca,
        type: 3}
      propertyPath: m_text
      value: "\u0422\u0435\u043A\u0441\u0442"
      objectReference: {fileID: 0}
    - target: {fileID: 2436176894458629415, guid: aed66a49a9b7fef469cd8e6dd868d2ca,
        type: 3}
      propertyPath: m_Pivot.x
      value: 0.5
      objectReference: {fileID: 0}
    - target: {fileID: 2436176894458629415, guid: aed66a49a9b7fef469cd8e6dd868d2ca,
        type: 3}
      propertyPath: m_Pivot.y
      value: 0.5
      objectReference: {fileID: 0}
    - target: {fileID: 2436176894458629415, guid: aed66a49a9b7fef469cd8e6dd868d2ca,
        type: 3}
      propertyPath: m_RootOrder
      value: 4
      objectReference: {fileID: 0}
    - target: {fileID: 2436176894458629415, guid: aed66a49a9b7fef469cd8e6dd868d2ca,
        type: 3}
      propertyPath: m_AnchorMax.x
      value: 0
      objectReference: {fileID: 0}
    - target: {fileID: 2436176894458629415, guid: aed66a49a9b7fef469cd8e6dd868d2ca,
        type: 3}
      propertyPath: m_AnchorMax.y
      value: 0
      objectReference: {fileID: 0}
    - target: {fileID: 2436176894458629415, guid: aed66a49a9b7fef469cd8e6dd868d2ca,
        type: 3}
      propertyPath: m_AnchorMin.x
      value: 0
      objectReference: {fileID: 0}
    - target: {fileID: 2436176894458629415, guid: aed66a49a9b7fef469cd8e6dd868d2ca,
        type: 3}
      propertyPath: m_AnchorMin.y
      value: 0
      objectReference: {fileID: 0}
    - target: {fileID: 2436176894458629415, guid: aed66a49a9b7fef469cd8e6dd868d2ca,
        type: 3}
      propertyPath: m_SizeDelta.x
      value: 0
      objectReference: {fileID: 0}
    - target: {fileID: 2436176894458629415, guid: aed66a49a9b7fef469cd8e6dd868d2ca,
        type: 3}
      propertyPath: m_SizeDelta.y
      value: 80
      objectReference: {fileID: 0}
    - target: {fileID: 2436176894458629415, guid: aed66a49a9b7fef469cd8e6dd868d2ca,
        type: 3}
      propertyPath: m_LocalPosition.x
      value: 0
      objectReference: {fileID: 0}
    - target: {fileID: 2436176894458629415, guid: aed66a49a9b7fef469cd8e6dd868d2ca,
        type: 3}
      propertyPath: m_LocalPosition.y
      value: 0
      objectReference: {fileID: 0}
    - target: {fileID: 2436176894458629415, guid: aed66a49a9b7fef469cd8e6dd868d2ca,
        type: 3}
      propertyPath: m_LocalPosition.z
      value: 0
      objectReference: {fileID: 0}
    - target: {fileID: 2436176894458629415, guid: aed66a49a9b7fef469cd8e6dd868d2ca,
        type: 3}
      propertyPath: m_LocalRotation.w
      value: 1
      objectReference: {fileID: 0}
    - target: {fileID: 2436176894458629415, guid: aed66a49a9b7fef469cd8e6dd868d2ca,
        type: 3}
      propertyPath: m_LocalRotation.x
      value: 0
      objectReference: {fileID: 0}
    - target: {fileID: 2436176894458629415, guid: aed66a49a9b7fef469cd8e6dd868d2ca,
        type: 3}
      propertyPath: m_LocalRotation.y
      value: 0
      objectReference: {fileID: 0}
    - target: {fileID: 2436176894458629415, guid: aed66a49a9b7fef469cd8e6dd868d2ca,
        type: 3}
      propertyPath: m_LocalRotation.z
      value: 0
      objectReference: {fileID: 0}
    - target: {fileID: 2436176894458629415, guid: aed66a49a9b7fef469cd8e6dd868d2ca,
        type: 3}
      propertyPath: m_AnchoredPosition.x
      value: 0
      objectReference: {fileID: 0}
    - target: {fileID: 2436176894458629415, guid: aed66a49a9b7fef469cd8e6dd868d2ca,
        type: 3}
      propertyPath: m_AnchoredPosition.y
      value: 0
      objectReference: {fileID: 0}
    - target: {fileID: 2436176894458629415, guid: aed66a49a9b7fef469cd8e6dd868d2ca,
        type: 3}
      propertyPath: m_LocalEulerAnglesHint.x
      value: 0
      objectReference: {fileID: 0}
    - target: {fileID: 2436176894458629415, guid: aed66a49a9b7fef469cd8e6dd868d2ca,
        type: 3}
      propertyPath: m_LocalEulerAnglesHint.y
      value: 0
      objectReference: {fileID: 0}
    - target: {fileID: 2436176894458629415, guid: aed66a49a9b7fef469cd8e6dd868d2ca,
        type: 3}
      propertyPath: m_LocalEulerAnglesHint.z
      value: 0
      objectReference: {fileID: 0}
    - target: {fileID: 4295739686713487779, guid: aed66a49a9b7fef469cd8e6dd868d2ca,
        type: 3}
      propertyPath: m_Name
      value: ExhibitTile (4)
      objectReference: {fileID: 0}
    m_RemovedComponents: []
  m_SourcePrefab: {fileID: 100100000, guid: aed66a49a9b7fef469cd8e6dd868d2ca, type: 3}
--- !u!224 &2451260355280040812 stripped
RectTransform:
  m_CorrespondingSourceObject: {fileID: 2436176894458629415, guid: aed66a49a9b7fef469cd8e6dd868d2ca,
    type: 3}
  m_PrefabInstance: {fileID: 273498793688596043}
  m_PrefabAsset: {fileID: 0}
--- !u!1001 &323244770610247466
PrefabInstance:
  m_ObjectHideFlags: 0
  serializedVersion: 2
  m_Modification:
    m_TransformParent: {fileID: 4602461484067912756}
    m_Modifications:
    - target: {fileID: 1907005046641536712, guid: aed66a49a9b7fef469cd8e6dd868d2ca,
        type: 3}
      propertyPath: m_text
      value: "\u0422\u0435\u043A\u0441\u0442"
      objectReference: {fileID: 0}
    - target: {fileID: 2436176894458629415, guid: aed66a49a9b7fef469cd8e6dd868d2ca,
        type: 3}
      propertyPath: m_Pivot.x
      value: 0.5
      objectReference: {fileID: 0}
    - target: {fileID: 2436176894458629415, guid: aed66a49a9b7fef469cd8e6dd868d2ca,
        type: 3}
      propertyPath: m_Pivot.y
      value: 0.5
      objectReference: {fileID: 0}
    - target: {fileID: 2436176894458629415, guid: aed66a49a9b7fef469cd8e6dd868d2ca,
        type: 3}
      propertyPath: m_RootOrder
      value: 2
      objectReference: {fileID: 0}
    - target: {fileID: 2436176894458629415, guid: aed66a49a9b7fef469cd8e6dd868d2ca,
        type: 3}
      propertyPath: m_AnchorMax.x
      value: 0
      objectReference: {fileID: 0}
    - target: {fileID: 2436176894458629415, guid: aed66a49a9b7fef469cd8e6dd868d2ca,
        type: 3}
      propertyPath: m_AnchorMax.y
      value: 0
      objectReference: {fileID: 0}
    - target: {fileID: 2436176894458629415, guid: aed66a49a9b7fef469cd8e6dd868d2ca,
        type: 3}
      propertyPath: m_AnchorMin.x
      value: 0
      objectReference: {fileID: 0}
    - target: {fileID: 2436176894458629415, guid: aed66a49a9b7fef469cd8e6dd868d2ca,
        type: 3}
      propertyPath: m_AnchorMin.y
      value: 0
      objectReference: {fileID: 0}
    - target: {fileID: 2436176894458629415, guid: aed66a49a9b7fef469cd8e6dd868d2ca,
        type: 3}
      propertyPath: m_SizeDelta.x
      value: 0
      objectReference: {fileID: 0}
    - target: {fileID: 2436176894458629415, guid: aed66a49a9b7fef469cd8e6dd868d2ca,
        type: 3}
      propertyPath: m_SizeDelta.y
      value: 80
      objectReference: {fileID: 0}
    - target: {fileID: 2436176894458629415, guid: aed66a49a9b7fef469cd8e6dd868d2ca,
        type: 3}
      propertyPath: m_LocalPosition.x
      value: 0
      objectReference: {fileID: 0}
    - target: {fileID: 2436176894458629415, guid: aed66a49a9b7fef469cd8e6dd868d2ca,
        type: 3}
      propertyPath: m_LocalPosition.y
      value: 0
      objectReference: {fileID: 0}
    - target: {fileID: 2436176894458629415, guid: aed66a49a9b7fef469cd8e6dd868d2ca,
        type: 3}
      propertyPath: m_LocalPosition.z
      value: 0
      objectReference: {fileID: 0}
    - target: {fileID: 2436176894458629415, guid: aed66a49a9b7fef469cd8e6dd868d2ca,
        type: 3}
      propertyPath: m_LocalRotation.w
      value: 1
      objectReference: {fileID: 0}
    - target: {fileID: 2436176894458629415, guid: aed66a49a9b7fef469cd8e6dd868d2ca,
        type: 3}
      propertyPath: m_LocalRotation.x
      value: 0
      objectReference: {fileID: 0}
    - target: {fileID: 2436176894458629415, guid: aed66a49a9b7fef469cd8e6dd868d2ca,
        type: 3}
      propertyPath: m_LocalRotation.y
      value: 0
      objectReference: {fileID: 0}
    - target: {fileID: 2436176894458629415, guid: aed66a49a9b7fef469cd8e6dd868d2ca,
        type: 3}
      propertyPath: m_LocalRotation.z
      value: 0
      objectReference: {fileID: 0}
    - target: {fileID: 2436176894458629415, guid: aed66a49a9b7fef469cd8e6dd868d2ca,
        type: 3}
      propertyPath: m_AnchoredPosition.x
      value: 0
      objectReference: {fileID: 0}
    - target: {fileID: 2436176894458629415, guid: aed66a49a9b7fef469cd8e6dd868d2ca,
        type: 3}
      propertyPath: m_AnchoredPosition.y
      value: 0
      objectReference: {fileID: 0}
    - target: {fileID: 2436176894458629415, guid: aed66a49a9b7fef469cd8e6dd868d2ca,
        type: 3}
      propertyPath: m_LocalEulerAnglesHint.x
      value: 0
      objectReference: {fileID: 0}
    - target: {fileID: 2436176894458629415, guid: aed66a49a9b7fef469cd8e6dd868d2ca,
        type: 3}
      propertyPath: m_LocalEulerAnglesHint.y
      value: 0
      objectReference: {fileID: 0}
    - target: {fileID: 2436176894458629415, guid: aed66a49a9b7fef469cd8e6dd868d2ca,
        type: 3}
      propertyPath: m_LocalEulerAnglesHint.z
      value: 0
      objectReference: {fileID: 0}
    - target: {fileID: 4295739686713487779, guid: aed66a49a9b7fef469cd8e6dd868d2ca,
        type: 3}
      propertyPath: m_Name
      value: ExhibitTile (2)
      objectReference: {fileID: 0}
    m_RemovedComponents: []
  m_SourcePrefab: {fileID: 100100000, guid: aed66a49a9b7fef469cd8e6dd868d2ca, type: 3}
--- !u!224 &2716634424409160205 stripped
RectTransform:
  m_CorrespondingSourceObject: {fileID: 2436176894458629415, guid: aed66a49a9b7fef469cd8e6dd868d2ca,
    type: 3}
  m_PrefabInstance: {fileID: 323244770610247466}
  m_PrefabAsset: {fileID: 0}
--- !u!1001 &1614513443064909261
PrefabInstance:
  m_ObjectHideFlags: 0
  serializedVersion: 2
  m_Modification:
    m_TransformParent: {fileID: 4602461484067912756}
    m_Modifications:
    - target: {fileID: 1907005046641536712, guid: aed66a49a9b7fef469cd8e6dd868d2ca,
        type: 3}
      propertyPath: m_text
      value: "\u0422\u0435\u043A\u0441\u0442"
      objectReference: {fileID: 0}
    - target: {fileID: 2436176894458629415, guid: aed66a49a9b7fef469cd8e6dd868d2ca,
        type: 3}
      propertyPath: m_Pivot.x
      value: 0.5
      objectReference: {fileID: 0}
    - target: {fileID: 2436176894458629415, guid: aed66a49a9b7fef469cd8e6dd868d2ca,
        type: 3}
      propertyPath: m_Pivot.y
      value: 0.5
      objectReference: {fileID: 0}
    - target: {fileID: 2436176894458629415, guid: aed66a49a9b7fef469cd8e6dd868d2ca,
        type: 3}
      propertyPath: m_RootOrder
      value: 1
      objectReference: {fileID: 0}
    - target: {fileID: 2436176894458629415, guid: aed66a49a9b7fef469cd8e6dd868d2ca,
        type: 3}
      propertyPath: m_AnchorMax.x
      value: 0
      objectReference: {fileID: 0}
    - target: {fileID: 2436176894458629415, guid: aed66a49a9b7fef469cd8e6dd868d2ca,
        type: 3}
      propertyPath: m_AnchorMax.y
      value: 0
      objectReference: {fileID: 0}
    - target: {fileID: 2436176894458629415, guid: aed66a49a9b7fef469cd8e6dd868d2ca,
        type: 3}
      propertyPath: m_AnchorMin.x
      value: 0
      objectReference: {fileID: 0}
    - target: {fileID: 2436176894458629415, guid: aed66a49a9b7fef469cd8e6dd868d2ca,
        type: 3}
      propertyPath: m_AnchorMin.y
      value: 0
      objectReference: {fileID: 0}
    - target: {fileID: 2436176894458629415, guid: aed66a49a9b7fef469cd8e6dd868d2ca,
        type: 3}
      propertyPath: m_SizeDelta.x
      value: 0
      objectReference: {fileID: 0}
    - target: {fileID: 2436176894458629415, guid: aed66a49a9b7fef469cd8e6dd868d2ca,
        type: 3}
      propertyPath: m_SizeDelta.y
      value: 80
      objectReference: {fileID: 0}
    - target: {fileID: 2436176894458629415, guid: aed66a49a9b7fef469cd8e6dd868d2ca,
        type: 3}
      propertyPath: m_LocalPosition.x
      value: 0
      objectReference: {fileID: 0}
    - target: {fileID: 2436176894458629415, guid: aed66a49a9b7fef469cd8e6dd868d2ca,
        type: 3}
      propertyPath: m_LocalPosition.y
      value: 0
      objectReference: {fileID: 0}
    - target: {fileID: 2436176894458629415, guid: aed66a49a9b7fef469cd8e6dd868d2ca,
        type: 3}
      propertyPath: m_LocalPosition.z
      value: 0
      objectReference: {fileID: 0}
    - target: {fileID: 2436176894458629415, guid: aed66a49a9b7fef469cd8e6dd868d2ca,
        type: 3}
      propertyPath: m_LocalRotation.w
      value: 1
      objectReference: {fileID: 0}
    - target: {fileID: 2436176894458629415, guid: aed66a49a9b7fef469cd8e6dd868d2ca,
        type: 3}
      propertyPath: m_LocalRotation.x
      value: 0
      objectReference: {fileID: 0}
    - target: {fileID: 2436176894458629415, guid: aed66a49a9b7fef469cd8e6dd868d2ca,
        type: 3}
      propertyPath: m_LocalRotation.y
      value: 0
      objectReference: {fileID: 0}
    - target: {fileID: 2436176894458629415, guid: aed66a49a9b7fef469cd8e6dd868d2ca,
        type: 3}
      propertyPath: m_LocalRotation.z
      value: 0
      objectReference: {fileID: 0}
    - target: {fileID: 2436176894458629415, guid: aed66a49a9b7fef469cd8e6dd868d2ca,
        type: 3}
      propertyPath: m_AnchoredPosition.x
      value: 0
      objectReference: {fileID: 0}
    - target: {fileID: 2436176894458629415, guid: aed66a49a9b7fef469cd8e6dd868d2ca,
        type: 3}
      propertyPath: m_AnchoredPosition.y
      value: 0
      objectReference: {fileID: 0}
    - target: {fileID: 2436176894458629415, guid: aed66a49a9b7fef469cd8e6dd868d2ca,
        type: 3}
      propertyPath: m_LocalEulerAnglesHint.x
      value: 0
      objectReference: {fileID: 0}
    - target: {fileID: 2436176894458629415, guid: aed66a49a9b7fef469cd8e6dd868d2ca,
        type: 3}
      propertyPath: m_LocalEulerAnglesHint.y
      value: 0
      objectReference: {fileID: 0}
    - target: {fileID: 2436176894458629415, guid: aed66a49a9b7fef469cd8e6dd868d2ca,
        type: 3}
      propertyPath: m_LocalEulerAnglesHint.z
      value: 0
      objectReference: {fileID: 0}
    - target: {fileID: 4295739686713487779, guid: aed66a49a9b7fef469cd8e6dd868d2ca,
        type: 3}
      propertyPath: m_Name
      value: ExhibitTile (1)
      objectReference: {fileID: 0}
    m_RemovedComponents: []
  m_SourcePrefab: {fileID: 100100000, guid: aed66a49a9b7fef469cd8e6dd868d2ca, type: 3}
--- !u!224 &4010717797373083882 stripped
RectTransform:
  m_CorrespondingSourceObject: {fileID: 2436176894458629415, guid: aed66a49a9b7fef469cd8e6dd868d2ca,
    type: 3}
  m_PrefabInstance: {fileID: 1614513443064909261}
  m_PrefabAsset: {fileID: 0}
--- !u!1001 &3381325779323586824
PrefabInstance:
  m_ObjectHideFlags: 0
  serializedVersion: 2
  m_Modification:
    m_TransformParent: {fileID: 4602461484067912756}
    m_Modifications:
    - target: {fileID: 1907005046641536712, guid: aed66a49a9b7fef469cd8e6dd868d2ca,
        type: 3}
      propertyPath: m_text
      value: "\u0422\u0435\u043A\u0441\u0442"
      objectReference: {fileID: 0}
    - target: {fileID: 2436176894458629415, guid: aed66a49a9b7fef469cd8e6dd868d2ca,
        type: 3}
      propertyPath: m_Pivot.x
      value: 0.5
      objectReference: {fileID: 0}
    - target: {fileID: 2436176894458629415, guid: aed66a49a9b7fef469cd8e6dd868d2ca,
        type: 3}
      propertyPath: m_Pivot.y
      value: 0.5
      objectReference: {fileID: 0}
    - target: {fileID: 2436176894458629415, guid: aed66a49a9b7fef469cd8e6dd868d2ca,
        type: 3}
      propertyPath: m_RootOrder
      value: 8
      objectReference: {fileID: 0}
    - target: {fileID: 2436176894458629415, guid: aed66a49a9b7fef469cd8e6dd868d2ca,
        type: 3}
      propertyPath: m_AnchorMax.x
      value: 0
      objectReference: {fileID: 0}
    - target: {fileID: 2436176894458629415, guid: aed66a49a9b7fef469cd8e6dd868d2ca,
        type: 3}
      propertyPath: m_AnchorMax.y
      value: 0
      objectReference: {fileID: 0}
    - target: {fileID: 2436176894458629415, guid: aed66a49a9b7fef469cd8e6dd868d2ca,
        type: 3}
      propertyPath: m_AnchorMin.x
      value: 0
      objectReference: {fileID: 0}
    - target: {fileID: 2436176894458629415, guid: aed66a49a9b7fef469cd8e6dd868d2ca,
        type: 3}
      propertyPath: m_AnchorMin.y
      value: 0
      objectReference: {fileID: 0}
    - target: {fileID: 2436176894458629415, guid: aed66a49a9b7fef469cd8e6dd868d2ca,
        type: 3}
      propertyPath: m_SizeDelta.x
      value: 0
      objectReference: {fileID: 0}
    - target: {fileID: 2436176894458629415, guid: aed66a49a9b7fef469cd8e6dd868d2ca,
        type: 3}
      propertyPath: m_SizeDelta.y
      value: 80
      objectReference: {fileID: 0}
    - target: {fileID: 2436176894458629415, guid: aed66a49a9b7fef469cd8e6dd868d2ca,
        type: 3}
      propertyPath: m_LocalPosition.x
      value: 0
      objectReference: {fileID: 0}
    - target: {fileID: 2436176894458629415, guid: aed66a49a9b7fef469cd8e6dd868d2ca,
        type: 3}
      propertyPath: m_LocalPosition.y
      value: 0
      objectReference: {fileID: 0}
    - target: {fileID: 2436176894458629415, guid: aed66a49a9b7fef469cd8e6dd868d2ca,
        type: 3}
      propertyPath: m_LocalPosition.z
      value: 0
      objectReference: {fileID: 0}
    - target: {fileID: 2436176894458629415, guid: aed66a49a9b7fef469cd8e6dd868d2ca,
        type: 3}
      propertyPath: m_LocalRotation.w
      value: 1
      objectReference: {fileID: 0}
    - target: {fileID: 2436176894458629415, guid: aed66a49a9b7fef469cd8e6dd868d2ca,
        type: 3}
      propertyPath: m_LocalRotation.x
      value: 0
      objectReference: {fileID: 0}
    - target: {fileID: 2436176894458629415, guid: aed66a49a9b7fef469cd8e6dd868d2ca,
        type: 3}
      propertyPath: m_LocalRotation.y
      value: 0
      objectReference: {fileID: 0}
    - target: {fileID: 2436176894458629415, guid: aed66a49a9b7fef469cd8e6dd868d2ca,
        type: 3}
      propertyPath: m_LocalRotation.z
      value: 0
      objectReference: {fileID: 0}
    - target: {fileID: 2436176894458629415, guid: aed66a49a9b7fef469cd8e6dd868d2ca,
        type: 3}
      propertyPath: m_AnchoredPosition.x
      value: 0
      objectReference: {fileID: 0}
    - target: {fileID: 2436176894458629415, guid: aed66a49a9b7fef469cd8e6dd868d2ca,
        type: 3}
      propertyPath: m_AnchoredPosition.y
      value: 0
      objectReference: {fileID: 0}
    - target: {fileID: 2436176894458629415, guid: aed66a49a9b7fef469cd8e6dd868d2ca,
        type: 3}
      propertyPath: m_LocalEulerAnglesHint.x
      value: 0
      objectReference: {fileID: 0}
    - target: {fileID: 2436176894458629415, guid: aed66a49a9b7fef469cd8e6dd868d2ca,
        type: 3}
      propertyPath: m_LocalEulerAnglesHint.y
      value: 0
      objectReference: {fileID: 0}
    - target: {fileID: 2436176894458629415, guid: aed66a49a9b7fef469cd8e6dd868d2ca,
        type: 3}
      propertyPath: m_LocalEulerAnglesHint.z
      value: 0
      objectReference: {fileID: 0}
    - target: {fileID: 4295739686713487779, guid: aed66a49a9b7fef469cd8e6dd868d2ca,
        type: 3}
      propertyPath: m_Name
      value: ExhibitTile (8)
      objectReference: {fileID: 0}
    m_RemovedComponents: []
  m_SourcePrefab: {fileID: 100100000, guid: aed66a49a9b7fef469cd8e6dd868d2ca, type: 3}
--- !u!224 &1090970741681980463 stripped
RectTransform:
  m_CorrespondingSourceObject: {fileID: 2436176894458629415, guid: aed66a49a9b7fef469cd8e6dd868d2ca,
    type: 3}
  m_PrefabInstance: {fileID: 3381325779323586824}
  m_PrefabAsset: {fileID: 0}
--- !u!1001 &3890510157162216345
PrefabInstance:
  m_ObjectHideFlags: 0
  serializedVersion: 2
  m_Modification:
    m_TransformParent: {fileID: 0}
    m_Modifications:
    - target: {fileID: 308582765257888389, guid: eb71c0f18f917f40986451d8c9b92ca0,
        type: 3}
      propertyPath: m_RootOrder
      value: 2
      objectReference: {fileID: 0}
    - target: {fileID: 1433140815615073975, guid: eb71c0f18f917f40986451d8c9b92ca0,
        type: 3}
      propertyPath: m_Color.b
      value: 0.23584908
      objectReference: {fileID: 0}
    - target: {fileID: 1433140815615073975, guid: eb71c0f18f917f40986451d8c9b92ca0,
        type: 3}
      propertyPath: m_Color.g
      value: 0.013154357
      objectReference: {fileID: 0}
    - target: {fileID: 1433140815615073975, guid: eb71c0f18f917f40986451d8c9b92ca0,
        type: 3}
      propertyPath: m_Color.r
      value: 0.0055624777
      objectReference: {fileID: 0}
    - target: {fileID: 7479747124825278274, guid: eb71c0f18f917f40986451d8c9b92ca0,
        type: 3}
      propertyPath: m_Name
      value: ExhibitWindow
      objectReference: {fileID: 0}
    - target: {fileID: 8468276478036632757, guid: eb71c0f18f917f40986451d8c9b92ca0,
        type: 3}
      propertyPath: m_Pivot.x
      value: 0.5
      objectReference: {fileID: 0}
    - target: {fileID: 8468276478036632757, guid: eb71c0f18f917f40986451d8c9b92ca0,
        type: 3}
      propertyPath: m_Pivot.y
      value: 0.5
      objectReference: {fileID: 0}
    - target: {fileID: 8468276478036632757, guid: eb71c0f18f917f40986451d8c9b92ca0,
        type: 3}
      propertyPath: m_RootOrder
      value: 0
      objectReference: {fileID: 0}
    - target: {fileID: 8468276478036632757, guid: eb71c0f18f917f40986451d8c9b92ca0,
        type: 3}
      propertyPath: m_AnchorMax.x
      value: 1
      objectReference: {fileID: 0}
    - target: {fileID: 8468276478036632757, guid: eb71c0f18f917f40986451d8c9b92ca0,
        type: 3}
      propertyPath: m_AnchorMax.y
      value: 1
      objectReference: {fileID: 0}
    - target: {fileID: 8468276478036632757, guid: eb71c0f18f917f40986451d8c9b92ca0,
        type: 3}
      propertyPath: m_AnchorMin.x
      value: 0
      objectReference: {fileID: 0}
    - target: {fileID: 8468276478036632757, guid: eb71c0f18f917f40986451d8c9b92ca0,
        type: 3}
      propertyPath: m_AnchorMin.y
      value: 0
      objectReference: {fileID: 0}
    - target: {fileID: 8468276478036632757, guid: eb71c0f18f917f40986451d8c9b92ca0,
        type: 3}
      propertyPath: m_SizeDelta.x
      value: 0
      objectReference: {fileID: 0}
    - target: {fileID: 8468276478036632757, guid: eb71c0f18f917f40986451d8c9b92ca0,
        type: 3}
      propertyPath: m_SizeDelta.y
      value: 0
      objectReference: {fileID: 0}
    - target: {fileID: 8468276478036632757, guid: eb71c0f18f917f40986451d8c9b92ca0,
        type: 3}
      propertyPath: m_LocalPosition.x
      value: 0
      objectReference: {fileID: 0}
    - target: {fileID: 8468276478036632757, guid: eb71c0f18f917f40986451d8c9b92ca0,
        type: 3}
      propertyPath: m_LocalPosition.y
      value: 0
      objectReference: {fileID: 0}
    - target: {fileID: 8468276478036632757, guid: eb71c0f18f917f40986451d8c9b92ca0,
        type: 3}
      propertyPath: m_LocalPosition.z
      value: 0
      objectReference: {fileID: 0}
    - target: {fileID: 8468276478036632757, guid: eb71c0f18f917f40986451d8c9b92ca0,
        type: 3}
      propertyPath: m_LocalRotation.w
      value: 1
      objectReference: {fileID: 0}
    - target: {fileID: 8468276478036632757, guid: eb71c0f18f917f40986451d8c9b92ca0,
        type: 3}
      propertyPath: m_LocalRotation.x
      value: 0
      objectReference: {fileID: 0}
    - target: {fileID: 8468276478036632757, guid: eb71c0f18f917f40986451d8c9b92ca0,
        type: 3}
      propertyPath: m_LocalRotation.y
      value: 0
      objectReference: {fileID: 0}
    - target: {fileID: 8468276478036632757, guid: eb71c0f18f917f40986451d8c9b92ca0,
        type: 3}
      propertyPath: m_LocalRotation.z
      value: 0
      objectReference: {fileID: 0}
    - target: {fileID: 8468276478036632757, guid: eb71c0f18f917f40986451d8c9b92ca0,
        type: 3}
      propertyPath: m_AnchoredPosition.x
      value: 0
      objectReference: {fileID: 0}
    - target: {fileID: 8468276478036632757, guid: eb71c0f18f917f40986451d8c9b92ca0,
        type: 3}
      propertyPath: m_AnchoredPosition.y
      value: 0
      objectReference: {fileID: 0}
    - target: {fileID: 8468276478036632757, guid: eb71c0f18f917f40986451d8c9b92ca0,
        type: 3}
      propertyPath: m_LocalEulerAnglesHint.x
      value: 0
      objectReference: {fileID: 0}
    - target: {fileID: 8468276478036632757, guid: eb71c0f18f917f40986451d8c9b92ca0,
        type: 3}
      propertyPath: m_LocalEulerAnglesHint.y
      value: 0
      objectReference: {fileID: 0}
    - target: {fileID: 8468276478036632757, guid: eb71c0f18f917f40986451d8c9b92ca0,
        type: 3}
      propertyPath: m_LocalEulerAnglesHint.z
      value: 0
      objectReference: {fileID: 0}
    m_RemovedComponents:
    - {fileID: 5149922272683798416, guid: eb71c0f18f917f40986451d8c9b92ca0, type: 3}
  m_SourcePrefab: {fileID: 100100000, guid: eb71c0f18f917f40986451d8c9b92ca0, type: 3}
--- !u!1 &5922435826444549339 stripped
GameObject:
  m_CorrespondingSourceObject: {fileID: 7479747124825278274, guid: eb71c0f18f917f40986451d8c9b92ca0,
    type: 3}
  m_PrefabInstance: {fileID: 3890510157162216345}
  m_PrefabAsset: {fileID: 0}
--- !u!114 &5841803916716629405
MonoBehaviour:
  m_ObjectHideFlags: 0
  m_CorrespondingSourceObject: {fileID: 0}
  m_PrefabInstance: {fileID: 0}
  m_PrefabAsset: {fileID: 0}
  m_GameObject: {fileID: 5922435826444549339}
  m_Enabled: 1
  m_EditorHideFlags: 0
  m_Script: {fileID: 11500000, guid: 79f47a939d0579c468c46da2b9181c50, type: 3}
  m_Name: 
  m_EditorClassIdentifier: 
  ExhibitLabel: {fileID: 232684547893736687}
  ExhibitTile: {fileID: 4295739686713487779, guid: aed66a49a9b7fef469cd8e6dd868d2ca,
    type: 3}
  ExhibitParentCurrentGameObject: {fileID: 9122099577094755248}
  TileContent: {fileID: 4602461484067912756}
  BoatSchemeWindowPrefab: {fileID: 4793921588451473596, guid: 59cce3eda9adf6522998625826dc1697,
    type: 3}
--- !u!224 &6730300220973416282 stripped
RectTransform:
  m_CorrespondingSourceObject: {fileID: 7537629415348995267, guid: eb71c0f18f917f40986451d8c9b92ca0,
    type: 3}
  m_PrefabInstance: {fileID: 3890510157162216345}
  m_PrefabAsset: {fileID: 0}
--- !u!1001 &4324284042350223794
PrefabInstance:
  m_ObjectHideFlags: 0
  serializedVersion: 2
  m_Modification:
    m_TransformParent: {fileID: 4602461484067912756}
    m_Modifications:
    - target: {fileID: 1907005046641536712, guid: aed66a49a9b7fef469cd8e6dd868d2ca,
        type: 3}
      propertyPath: m_text
      value: "\u0422\u0435\u043A\u0441\u0442"
      objectReference: {fileID: 0}
    - target: {fileID: 2436176894458629415, guid: aed66a49a9b7fef469cd8e6dd868d2ca,
        type: 3}
      propertyPath: m_Pivot.x
      value: 0.5
      objectReference: {fileID: 0}
    - target: {fileID: 2436176894458629415, guid: aed66a49a9b7fef469cd8e6dd868d2ca,
        type: 3}
      propertyPath: m_Pivot.y
      value: 0.5
      objectReference: {fileID: 0}
    - target: {fileID: 2436176894458629415, guid: aed66a49a9b7fef469cd8e6dd868d2ca,
        type: 3}
      propertyPath: m_RootOrder
      value: 0
      objectReference: {fileID: 0}
    - target: {fileID: 2436176894458629415, guid: aed66a49a9b7fef469cd8e6dd868d2ca,
        type: 3}
      propertyPath: m_AnchorMax.x
      value: 0
      objectReference: {fileID: 0}
    - target: {fileID: 2436176894458629415, guid: aed66a49a9b7fef469cd8e6dd868d2ca,
        type: 3}
      propertyPath: m_AnchorMax.y
      value: 0
      objectReference: {fileID: 0}
    - target: {fileID: 2436176894458629415, guid: aed66a49a9b7fef469cd8e6dd868d2ca,
        type: 3}
      propertyPath: m_AnchorMin.x
      value: 0
      objectReference: {fileID: 0}
    - target: {fileID: 2436176894458629415, guid: aed66a49a9b7fef469cd8e6dd868d2ca,
        type: 3}
      propertyPath: m_AnchorMin.y
      value: 0
      objectReference: {fileID: 0}
    - target: {fileID: 2436176894458629415, guid: aed66a49a9b7fef469cd8e6dd868d2ca,
        type: 3}
      propertyPath: m_SizeDelta.x
      value: 0
      objectReference: {fileID: 0}
    - target: {fileID: 2436176894458629415, guid: aed66a49a9b7fef469cd8e6dd868d2ca,
        type: 3}
      propertyPath: m_SizeDelta.y
      value: 80
      objectReference: {fileID: 0}
    - target: {fileID: 2436176894458629415, guid: aed66a49a9b7fef469cd8e6dd868d2ca,
        type: 3}
      propertyPath: m_LocalPosition.x
      value: 0
      objectReference: {fileID: 0}
    - target: {fileID: 2436176894458629415, guid: aed66a49a9b7fef469cd8e6dd868d2ca,
        type: 3}
      propertyPath: m_LocalPosition.y
      value: 0
      objectReference: {fileID: 0}
    - target: {fileID: 2436176894458629415, guid: aed66a49a9b7fef469cd8e6dd868d2ca,
        type: 3}
      propertyPath: m_LocalPosition.z
      value: 0
      objectReference: {fileID: 0}
    - target: {fileID: 2436176894458629415, guid: aed66a49a9b7fef469cd8e6dd868d2ca,
        type: 3}
      propertyPath: m_LocalRotation.w
      value: 1
      objectReference: {fileID: 0}
    - target: {fileID: 2436176894458629415, guid: aed66a49a9b7fef469cd8e6dd868d2ca,
        type: 3}
      propertyPath: m_LocalRotation.x
      value: 0
      objectReference: {fileID: 0}
    - target: {fileID: 2436176894458629415, guid: aed66a49a9b7fef469cd8e6dd868d2ca,
        type: 3}
      propertyPath: m_LocalRotation.y
      value: 0
      objectReference: {fileID: 0}
    - target: {fileID: 2436176894458629415, guid: aed66a49a9b7fef469cd8e6dd868d2ca,
        type: 3}
      propertyPath: m_LocalRotation.z
      value: 0
      objectReference: {fileID: 0}
    - target: {fileID: 2436176894458629415, guid: aed66a49a9b7fef469cd8e6dd868d2ca,
        type: 3}
      propertyPath: m_AnchoredPosition.x
      value: 0
      objectReference: {fileID: 0}
    - target: {fileID: 2436176894458629415, guid: aed66a49a9b7fef469cd8e6dd868d2ca,
        type: 3}
      propertyPath: m_AnchoredPosition.y
      value: 0
      objectReference: {fileID: 0}
    - target: {fileID: 2436176894458629415, guid: aed66a49a9b7fef469cd8e6dd868d2ca,
        type: 3}
      propertyPath: m_LocalEulerAnglesHint.x
      value: 0
      objectReference: {fileID: 0}
    - target: {fileID: 2436176894458629415, guid: aed66a49a9b7fef469cd8e6dd868d2ca,
        type: 3}
      propertyPath: m_LocalEulerAnglesHint.y
      value: 0
      objectReference: {fileID: 0}
    - target: {fileID: 2436176894458629415, guid: aed66a49a9b7fef469cd8e6dd868d2ca,
        type: 3}
      propertyPath: m_LocalEulerAnglesHint.z
      value: 0
      objectReference: {fileID: 0}
    - target: {fileID: 4295739686713487779, guid: aed66a49a9b7fef469cd8e6dd868d2ca,
        type: 3}
      propertyPath: m_Name
      value: ExhibitTile
      objectReference: {fileID: 0}
    m_RemovedComponents: []
  m_SourcePrefab: {fileID: 100100000, guid: aed66a49a9b7fef469cd8e6dd868d2ca, type: 3}
--- !u!224 &2147645922737417365 stripped
RectTransform:
  m_CorrespondingSourceObject: {fileID: 2436176894458629415, guid: aed66a49a9b7fef469cd8e6dd868d2ca,
    type: 3}
  m_PrefabInstance: {fileID: 4324284042350223794}
  m_PrefabAsset: {fileID: 0}
--- !u!1001 &4758357372090273737
PrefabInstance:
  m_ObjectHideFlags: 0
  serializedVersion: 2
  m_Modification:
    m_TransformParent: {fileID: 4602461484067912756}
    m_Modifications:
    - target: {fileID: 1907005046641536712, guid: aed66a49a9b7fef469cd8e6dd868d2ca,
        type: 3}
      propertyPath: m_text
      value: "\u0422\u0435\u043A\u0441\u0442"
      objectReference: {fileID: 0}
    - target: {fileID: 2436176894458629415, guid: aed66a49a9b7fef469cd8e6dd868d2ca,
        type: 3}
      propertyPath: m_Pivot.x
      value: 0.5
      objectReference: {fileID: 0}
    - target: {fileID: 2436176894458629415, guid: aed66a49a9b7fef469cd8e6dd868d2ca,
        type: 3}
      propertyPath: m_Pivot.y
      value: 0.5
      objectReference: {fileID: 0}
    - target: {fileID: 2436176894458629415, guid: aed66a49a9b7fef469cd8e6dd868d2ca,
        type: 3}
      propertyPath: m_RootOrder
      value: 3
      objectReference: {fileID: 0}
    - target: {fileID: 2436176894458629415, guid: aed66a49a9b7fef469cd8e6dd868d2ca,
        type: 3}
      propertyPath: m_AnchorMax.x
      value: 0
      objectReference: {fileID: 0}
    - target: {fileID: 2436176894458629415, guid: aed66a49a9b7fef469cd8e6dd868d2ca,
        type: 3}
      propertyPath: m_AnchorMax.y
      value: 0
      objectReference: {fileID: 0}
    - target: {fileID: 2436176894458629415, guid: aed66a49a9b7fef469cd8e6dd868d2ca,
        type: 3}
      propertyPath: m_AnchorMin.x
      value: 0
      objectReference: {fileID: 0}
    - target: {fileID: 2436176894458629415, guid: aed66a49a9b7fef469cd8e6dd868d2ca,
        type: 3}
      propertyPath: m_AnchorMin.y
      value: 0
      objectReference: {fileID: 0}
    - target: {fileID: 2436176894458629415, guid: aed66a49a9b7fef469cd8e6dd868d2ca,
        type: 3}
      propertyPath: m_SizeDelta.x
      value: 0
      objectReference: {fileID: 0}
    - target: {fileID: 2436176894458629415, guid: aed66a49a9b7fef469cd8e6dd868d2ca,
        type: 3}
      propertyPath: m_SizeDelta.y
      value: 80
      objectReference: {fileID: 0}
    - target: {fileID: 2436176894458629415, guid: aed66a49a9b7fef469cd8e6dd868d2ca,
        type: 3}
      propertyPath: m_LocalPosition.x
      value: 0
      objectReference: {fileID: 0}
    - target: {fileID: 2436176894458629415, guid: aed66a49a9b7fef469cd8e6dd868d2ca,
        type: 3}
      propertyPath: m_LocalPosition.y
      value: 0
      objectReference: {fileID: 0}
    - target: {fileID: 2436176894458629415, guid: aed66a49a9b7fef469cd8e6dd868d2ca,
        type: 3}
      propertyPath: m_LocalPosition.z
      value: 0
      objectReference: {fileID: 0}
    - target: {fileID: 2436176894458629415, guid: aed66a49a9b7fef469cd8e6dd868d2ca,
        type: 3}
      propertyPath: m_LocalRotation.w
      value: 1
      objectReference: {fileID: 0}
    - target: {fileID: 2436176894458629415, guid: aed66a49a9b7fef469cd8e6dd868d2ca,
        type: 3}
      propertyPath: m_LocalRotation.x
      value: 0
      objectReference: {fileID: 0}
    - target: {fileID: 2436176894458629415, guid: aed66a49a9b7fef469cd8e6dd868d2ca,
        type: 3}
      propertyPath: m_LocalRotation.y
      value: 0
      objectReference: {fileID: 0}
    - target: {fileID: 2436176894458629415, guid: aed66a49a9b7fef469cd8e6dd868d2ca,
        type: 3}
      propertyPath: m_LocalRotation.z
      value: 0
      objectReference: {fileID: 0}
    - target: {fileID: 2436176894458629415, guid: aed66a49a9b7fef469cd8e6dd868d2ca,
        type: 3}
      propertyPath: m_AnchoredPosition.x
      value: 0
      objectReference: {fileID: 0}
    - target: {fileID: 2436176894458629415, guid: aed66a49a9b7fef469cd8e6dd868d2ca,
        type: 3}
      propertyPath: m_AnchoredPosition.y
      value: 0
      objectReference: {fileID: 0}
    - target: {fileID: 2436176894458629415, guid: aed66a49a9b7fef469cd8e6dd868d2ca,
        type: 3}
      propertyPath: m_LocalEulerAnglesHint.x
      value: 0
      objectReference: {fileID: 0}
    - target: {fileID: 2436176894458629415, guid: aed66a49a9b7fef469cd8e6dd868d2ca,
        type: 3}
      propertyPath: m_LocalEulerAnglesHint.y
      value: 0
      objectReference: {fileID: 0}
    - target: {fileID: 2436176894458629415, guid: aed66a49a9b7fef469cd8e6dd868d2ca,
        type: 3}
      propertyPath: m_LocalEulerAnglesHint.z
      value: 0
      objectReference: {fileID: 0}
    - target: {fileID: 4295739686713487779, guid: aed66a49a9b7fef469cd8e6dd868d2ca,
        type: 3}
      propertyPath: m_Name
      value: ExhibitTile (3)
      objectReference: {fileID: 0}
    m_RemovedComponents: []
  m_SourcePrefab: {fileID: 100100000, guid: aed66a49a9b7fef469cd8e6dd868d2ca, type: 3}
--- !u!224 &7189465929052701422 stripped
RectTransform:
  m_CorrespondingSourceObject: {fileID: 2436176894458629415, guid: aed66a49a9b7fef469cd8e6dd868d2ca,
    type: 3}
  m_PrefabInstance: {fileID: 4758357372090273737}
  m_PrefabAsset: {fileID: 0}
--- !u!1001 &4973589447022191123
PrefabInstance:
  m_ObjectHideFlags: 0
  serializedVersion: 2
  m_Modification:
    m_TransformParent: {fileID: 6730300220973416282}
    m_Modifications:
    - target: {fileID: 877930810609969667, guid: be39593baf0153941b1f017244bf8d32,
        type: 3}
      propertyPath: Entry
      value: ExhibitsWindow_BackToBoatScheme
      objectReference: {fileID: 0}
    - target: {fileID: 877930810609969667, guid: be39593baf0153941b1f017244bf8d32,
        type: 3}
      propertyPath: Table
      value: CommonTable
      objectReference: {fileID: 0}
    - target: {fileID: 1907005046641536712, guid: be39593baf0153941b1f017244bf8d32,
        type: 3}
      propertyPath: m_text
      value: "\u041D\u0430\u0437\u0430\u0434 \u043A \u0441\u0445\u0435\u043C\u0435"
      objectReference: {fileID: 0}
    - target: {fileID: 2436176894458629415, guid: be39593baf0153941b1f017244bf8d32,
        type: 3}
      propertyPath: m_Pivot.x
      value: 0.5
      objectReference: {fileID: 0}
    - target: {fileID: 2436176894458629415, guid: be39593baf0153941b1f017244bf8d32,
        type: 3}
      propertyPath: m_Pivot.y
      value: 0.5
      objectReference: {fileID: 0}
    - target: {fileID: 2436176894458629415, guid: be39593baf0153941b1f017244bf8d32,
        type: 3}
      propertyPath: m_RootOrder
      value: 2
      objectReference: {fileID: 0}
    - target: {fileID: 2436176894458629415, guid: be39593baf0153941b1f017244bf8d32,
        type: 3}
      propertyPath: m_AnchorMax.x
      value: 0.062437505
      objectReference: {fileID: 0}
    - target: {fileID: 2436176894458629415, guid: be39593baf0153941b1f017244bf8d32,
        type: 3}
      propertyPath: m_AnchorMax.y
      value: 0.099481486
      objectReference: {fileID: 0}
    - target: {fileID: 2436176894458629415, guid: be39593baf0153941b1f017244bf8d32,
        type: 3}
      propertyPath: m_AnchorMin.x
      value: 0
      objectReference: {fileID: 0}
    - target: {fileID: 2436176894458629415, guid: be39593baf0153941b1f017244bf8d32,
        type: 3}
      propertyPath: m_AnchorMin.y
      value: 0.099481486
      objectReference: {fileID: 0}
    - target: {fileID: 2436176894458629415, guid: be39593baf0153941b1f017244bf8d32,
        type: 3}
      propertyPath: m_SizeDelta.x
      value: 357.1438
      objectReference: {fileID: 0}
    - target: {fileID: 2436176894458629415, guid: be39593baf0153941b1f017244bf8d32,
        type: 3}
      propertyPath: m_SizeDelta.y
      value: 81
      objectReference: {fileID: 0}
    - target: {fileID: 2436176894458629415, guid: be39593baf0153941b1f017244bf8d32,
        type: 3}
      propertyPath: m_LocalPosition.x
      value: 0
      objectReference: {fileID: 0}
    - target: {fileID: 2436176894458629415, guid: be39593baf0153941b1f017244bf8d32,
        type: 3}
      propertyPath: m_LocalPosition.y
      value: 0
      objectReference: {fileID: 0}
    - target: {fileID: 2436176894458629415, guid: be39593baf0153941b1f017244bf8d32,
        type: 3}
      propertyPath: m_LocalPosition.z
      value: 0
      objectReference: {fileID: 0}
    - target: {fileID: 2436176894458629415, guid: be39593baf0153941b1f017244bf8d32,
        type: 3}
      propertyPath: m_LocalRotation.w
      value: 1
      objectReference: {fileID: 0}
    - target: {fileID: 2436176894458629415, guid: be39593baf0153941b1f017244bf8d32,
        type: 3}
      propertyPath: m_LocalRotation.x
      value: -0
      objectReference: {fileID: 0}
    - target: {fileID: 2436176894458629415, guid: be39593baf0153941b1f017244bf8d32,
        type: 3}
      propertyPath: m_LocalRotation.y
      value: -0
      objectReference: {fileID: 0}
    - target: {fileID: 2436176894458629415, guid: be39593baf0153941b1f017244bf8d32,
        type: 3}
      propertyPath: m_LocalRotation.z
      value: -0
      objectReference: {fileID: 0}
    - target: {fileID: 2436176894458629415, guid: be39593baf0153941b1f017244bf8d32,
        type: 3}
      propertyPath: m_AnchoredPosition.x
      value: 455.9181
      objectReference: {fileID: 0}
    - target: {fileID: 2436176894458629415, guid: be39593baf0153941b1f017244bf8d32,
        type: 3}
      propertyPath: m_AnchoredPosition.y
      value: 1.5
      objectReference: {fileID: 0}
    - target: {fileID: 2436176894458629415, guid: be39593baf0153941b1f017244bf8d32,
        type: 3}
      propertyPath: m_LocalEulerAnglesHint.x
      value: 0
      objectReference: {fileID: 0}
    - target: {fileID: 2436176894458629415, guid: be39593baf0153941b1f017244bf8d32,
        type: 3}
      propertyPath: m_LocalEulerAnglesHint.y
      value: 0
      objectReference: {fileID: 0}
    - target: {fileID: 2436176894458629415, guid: be39593baf0153941b1f017244bf8d32,
        type: 3}
      propertyPath: m_LocalEulerAnglesHint.z
      value: 0
      objectReference: {fileID: 0}
    - target: {fileID: 4158359613823257622, guid: be39593baf0153941b1f017244bf8d32,
        type: 3}
      propertyPath: m_StringReference.m_TableEntryReference.m_KeyId
      value: 10536835395809280
      objectReference: {fileID: 0}
    - target: {fileID: 4158359613823257622, guid: be39593baf0153941b1f017244bf8d32,
        type: 3}
      propertyPath: m_StringReference.m_TableReference.m_TableCollectionName
      value: GUID:5efc5b5024dcd934797a8edc18bdea35
      objectReference: {fileID: 0}
    - target: {fileID: 4295739686713487779, guid: be39593baf0153941b1f017244bf8d32,
        type: 3}
      propertyPath: m_Name
      value: ExhibitParentTile
      objectReference: {fileID: 0}
    m_RemovedComponents: []
  m_SourcePrefab: {fileID: 100100000, guid: be39593baf0153941b1f017244bf8d32, type: 3}
--- !u!1 &9122099577094755248 stripped
GameObject:
  m_CorrespondingSourceObject: {fileID: 4295739686713487779, guid: be39593baf0153941b1f017244bf8d32,
    type: 3}
  m_PrefabInstance: {fileID: 4973589447022191123}
  m_PrefabAsset: {fileID: 0}
--- !u!1001 &4977739992523757644
PrefabInstance:
  m_ObjectHideFlags: 0
  serializedVersion: 2
  m_Modification:
    m_TransformParent: {fileID: 4602461484067912756}
    m_Modifications:
    - target: {fileID: 1907005046641536712, guid: aed66a49a9b7fef469cd8e6dd868d2ca,
        type: 3}
      propertyPath: m_text
      value: "\u0422\u0435\u043A\u0441\u0442"
      objectReference: {fileID: 0}
    - target: {fileID: 2436176894458629415, guid: aed66a49a9b7fef469cd8e6dd868d2ca,
        type: 3}
      propertyPath: m_Pivot.x
      value: 0.5
      objectReference: {fileID: 0}
    - target: {fileID: 2436176894458629415, guid: aed66a49a9b7fef469cd8e6dd868d2ca,
        type: 3}
      propertyPath: m_Pivot.y
      value: 0.5
      objectReference: {fileID: 0}
    - target: {fileID: 2436176894458629415, guid: aed66a49a9b7fef469cd8e6dd868d2ca,
        type: 3}
      propertyPath: m_RootOrder
      value: 9
      objectReference: {fileID: 0}
    - target: {fileID: 2436176894458629415, guid: aed66a49a9b7fef469cd8e6dd868d2ca,
        type: 3}
      propertyPath: m_AnchorMax.x
      value: 0
      objectReference: {fileID: 0}
    - target: {fileID: 2436176894458629415, guid: aed66a49a9b7fef469cd8e6dd868d2ca,
        type: 3}
      propertyPath: m_AnchorMax.y
      value: 0
      objectReference: {fileID: 0}
    - target: {fileID: 2436176894458629415, guid: aed66a49a9b7fef469cd8e6dd868d2ca,
        type: 3}
      propertyPath: m_AnchorMin.x
      value: 0
      objectReference: {fileID: 0}
    - target: {fileID: 2436176894458629415, guid: aed66a49a9b7fef469cd8e6dd868d2ca,
        type: 3}
      propertyPath: m_AnchorMin.y
      value: 0
      objectReference: {fileID: 0}
    - target: {fileID: 2436176894458629415, guid: aed66a49a9b7fef469cd8e6dd868d2ca,
        type: 3}
      propertyPath: m_SizeDelta.x
      value: 0
      objectReference: {fileID: 0}
    - target: {fileID: 2436176894458629415, guid: aed66a49a9b7fef469cd8e6dd868d2ca,
        type: 3}
      propertyPath: m_SizeDelta.y
      value: 80
      objectReference: {fileID: 0}
    - target: {fileID: 2436176894458629415, guid: aed66a49a9b7fef469cd8e6dd868d2ca,
        type: 3}
      propertyPath: m_LocalPosition.x
      value: 0
      objectReference: {fileID: 0}
    - target: {fileID: 2436176894458629415, guid: aed66a49a9b7fef469cd8e6dd868d2ca,
        type: 3}
      propertyPath: m_LocalPosition.y
      value: 0
      objectReference: {fileID: 0}
    - target: {fileID: 2436176894458629415, guid: aed66a49a9b7fef469cd8e6dd868d2ca,
        type: 3}
      propertyPath: m_LocalPosition.z
      value: 0
      objectReference: {fileID: 0}
    - target: {fileID: 2436176894458629415, guid: aed66a49a9b7fef469cd8e6dd868d2ca,
        type: 3}
      propertyPath: m_LocalRotation.w
      value: 1
      objectReference: {fileID: 0}
    - target: {fileID: 2436176894458629415, guid: aed66a49a9b7fef469cd8e6dd868d2ca,
        type: 3}
      propertyPath: m_LocalRotation.x
      value: 0
      objectReference: {fileID: 0}
    - target: {fileID: 2436176894458629415, guid: aed66a49a9b7fef469cd8e6dd868d2ca,
        type: 3}
      propertyPath: m_LocalRotation.y
      value: 0
      objectReference: {fileID: 0}
    - target: {fileID: 2436176894458629415, guid: aed66a49a9b7fef469cd8e6dd868d2ca,
        type: 3}
      propertyPath: m_LocalRotation.z
      value: 0
      objectReference: {fileID: 0}
    - target: {fileID: 2436176894458629415, guid: aed66a49a9b7fef469cd8e6dd868d2ca,
        type: 3}
      propertyPath: m_AnchoredPosition.x
      value: 0
      objectReference: {fileID: 0}
    - target: {fileID: 2436176894458629415, guid: aed66a49a9b7fef469cd8e6dd868d2ca,
        type: 3}
      propertyPath: m_AnchoredPosition.y
      value: 0
      objectReference: {fileID: 0}
    - target: {fileID: 2436176894458629415, guid: aed66a49a9b7fef469cd8e6dd868d2ca,
        type: 3}
      propertyPath: m_LocalEulerAnglesHint.x
      value: 0
      objectReference: {fileID: 0}
    - target: {fileID: 2436176894458629415, guid: aed66a49a9b7fef469cd8e6dd868d2ca,
        type: 3}
      propertyPath: m_LocalEulerAnglesHint.y
      value: 0
      objectReference: {fileID: 0}
    - target: {fileID: 2436176894458629415, guid: aed66a49a9b7fef469cd8e6dd868d2ca,
        type: 3}
      propertyPath: m_LocalEulerAnglesHint.z
      value: 0
      objectReference: {fileID: 0}
    - target: {fileID: 4295739686713487779, guid: aed66a49a9b7fef469cd8e6dd868d2ca,
        type: 3}
      propertyPath: m_Name
      value: ExhibitTile (9)
      objectReference: {fileID: 0}
    m_RemovedComponents: []
  m_SourcePrefab: {fileID: 100100000, guid: aed66a49a9b7fef469cd8e6dd868d2ca, type: 3}
--- !u!224 &7267532011489383787 stripped
RectTransform:
  m_CorrespondingSourceObject: {fileID: 2436176894458629415, guid: aed66a49a9b7fef469cd8e6dd868d2ca,
    type: 3}
  m_PrefabInstance: {fileID: 4977739992523757644}
  m_PrefabAsset: {fileID: 0}
--- !u!1001 &5597202081330865557
PrefabInstance:
  m_ObjectHideFlags: 0
  serializedVersion: 2
  m_Modification:
    m_TransformParent: {fileID: 4602461484067912756}
    m_Modifications:
    - target: {fileID: 1907005046641536712, guid: aed66a49a9b7fef469cd8e6dd868d2ca,
        type: 3}
      propertyPath: m_text
      value: "\u0422\u0435\u043A\u0441\u0442"
      objectReference: {fileID: 0}
    - target: {fileID: 2436176894458629415, guid: aed66a49a9b7fef469cd8e6dd868d2ca,
        type: 3}
      propertyPath: m_Pivot.x
      value: 0.5
      objectReference: {fileID: 0}
    - target: {fileID: 2436176894458629415, guid: aed66a49a9b7fef469cd8e6dd868d2ca,
        type: 3}
      propertyPath: m_Pivot.y
      value: 0.5
      objectReference: {fileID: 0}
    - target: {fileID: 2436176894458629415, guid: aed66a49a9b7fef469cd8e6dd868d2ca,
        type: 3}
      propertyPath: m_RootOrder
      value: 10
      objectReference: {fileID: 0}
    - target: {fileID: 2436176894458629415, guid: aed66a49a9b7fef469cd8e6dd868d2ca,
        type: 3}
      propertyPath: m_AnchorMax.x
      value: 0
      objectReference: {fileID: 0}
    - target: {fileID: 2436176894458629415, guid: aed66a49a9b7fef469cd8e6dd868d2ca,
        type: 3}
      propertyPath: m_AnchorMax.y
      value: 0
      objectReference: {fileID: 0}
    - target: {fileID: 2436176894458629415, guid: aed66a49a9b7fef469cd8e6dd868d2ca,
        type: 3}
      propertyPath: m_AnchorMin.x
      value: 0
      objectReference: {fileID: 0}
    - target: {fileID: 2436176894458629415, guid: aed66a49a9b7fef469cd8e6dd868d2ca,
        type: 3}
      propertyPath: m_AnchorMin.y
      value: 0
      objectReference: {fileID: 0}
    - target: {fileID: 2436176894458629415, guid: aed66a49a9b7fef469cd8e6dd868d2ca,
        type: 3}
      propertyPath: m_SizeDelta.x
      value: 0
      objectReference: {fileID: 0}
    - target: {fileID: 2436176894458629415, guid: aed66a49a9b7fef469cd8e6dd868d2ca,
        type: 3}
      propertyPath: m_SizeDelta.y
      value: 80
      objectReference: {fileID: 0}
    - target: {fileID: 2436176894458629415, guid: aed66a49a9b7fef469cd8e6dd868d2ca,
        type: 3}
      propertyPath: m_LocalPosition.x
      value: 0
      objectReference: {fileID: 0}
    - target: {fileID: 2436176894458629415, guid: aed66a49a9b7fef469cd8e6dd868d2ca,
        type: 3}
      propertyPath: m_LocalPosition.y
      value: 0
      objectReference: {fileID: 0}
    - target: {fileID: 2436176894458629415, guid: aed66a49a9b7fef469cd8e6dd868d2ca,
        type: 3}
      propertyPath: m_LocalPosition.z
      value: 0
      objectReference: {fileID: 0}
    - target: {fileID: 2436176894458629415, guid: aed66a49a9b7fef469cd8e6dd868d2ca,
        type: 3}
      propertyPath: m_LocalRotation.w
      value: 1
      objectReference: {fileID: 0}
    - target: {fileID: 2436176894458629415, guid: aed66a49a9b7fef469cd8e6dd868d2ca,
        type: 3}
      propertyPath: m_LocalRotation.x
      value: 0
      objectReference: {fileID: 0}
    - target: {fileID: 2436176894458629415, guid: aed66a49a9b7fef469cd8e6dd868d2ca,
        type: 3}
      propertyPath: m_LocalRotation.y
      value: 0
      objectReference: {fileID: 0}
    - target: {fileID: 2436176894458629415, guid: aed66a49a9b7fef469cd8e6dd868d2ca,
        type: 3}
      propertyPath: m_LocalRotation.z
      value: 0
      objectReference: {fileID: 0}
    - target: {fileID: 2436176894458629415, guid: aed66a49a9b7fef469cd8e6dd868d2ca,
        type: 3}
      propertyPath: m_AnchoredPosition.x
      value: 0
      objectReference: {fileID: 0}
    - target: {fileID: 2436176894458629415, guid: aed66a49a9b7fef469cd8e6dd868d2ca,
        type: 3}
      propertyPath: m_AnchoredPosition.y
      value: 0
      objectReference: {fileID: 0}
    - target: {fileID: 2436176894458629415, guid: aed66a49a9b7fef469cd8e6dd868d2ca,
        type: 3}
      propertyPath: m_LocalEulerAnglesHint.x
      value: 0
      objectReference: {fileID: 0}
    - target: {fileID: 2436176894458629415, guid: aed66a49a9b7fef469cd8e6dd868d2ca,
        type: 3}
      propertyPath: m_LocalEulerAnglesHint.y
      value: 0
      objectReference: {fileID: 0}
    - target: {fileID: 2436176894458629415, guid: aed66a49a9b7fef469cd8e6dd868d2ca,
        type: 3}
      propertyPath: m_LocalEulerAnglesHint.z
      value: 0
      objectReference: {fileID: 0}
    - target: {fileID: 4295739686713487779, guid: aed66a49a9b7fef469cd8e6dd868d2ca,
        type: 3}
      propertyPath: m_Name
      value: ExhibitTile (10)
      objectReference: {fileID: 0}
    m_RemovedComponents: []
  m_SourcePrefab: {fileID: 100100000, guid: aed66a49a9b7fef469cd8e6dd868d2ca, type: 3}
--- !u!224 &7809884251539974322 stripped
RectTransform:
  m_CorrespondingSourceObject: {fileID: 2436176894458629415, guid: aed66a49a9b7fef469cd8e6dd868d2ca,
    type: 3}
  m_PrefabInstance: {fileID: 5597202081330865557}
  m_PrefabAsset: {fileID: 0}
--- !u!1001 &6034345800107598017
PrefabInstance:
  m_ObjectHideFlags: 0
  serializedVersion: 2
  m_Modification:
    m_TransformParent: {fileID: 4602461484067912756}
    m_Modifications:
    - target: {fileID: 1907005046641536712, guid: aed66a49a9b7fef469cd8e6dd868d2ca,
        type: 3}
      propertyPath: m_text
      value: "\u0422\u0435\u043A\u0441\u0442"
      objectReference: {fileID: 0}
    - target: {fileID: 2436176894458629415, guid: aed66a49a9b7fef469cd8e6dd868d2ca,
        type: 3}
      propertyPath: m_Pivot.x
      value: 0.5
      objectReference: {fileID: 0}
    - target: {fileID: 2436176894458629415, guid: aed66a49a9b7fef469cd8e6dd868d2ca,
        type: 3}
      propertyPath: m_Pivot.y
      value: 0.5
      objectReference: {fileID: 0}
    - target: {fileID: 2436176894458629415, guid: aed66a49a9b7fef469cd8e6dd868d2ca,
        type: 3}
      propertyPath: m_RootOrder
      value: 6
      objectReference: {fileID: 0}
    - target: {fileID: 2436176894458629415, guid: aed66a49a9b7fef469cd8e6dd868d2ca,
        type: 3}
      propertyPath: m_AnchorMax.x
      value: 0
      objectReference: {fileID: 0}
    - target: {fileID: 2436176894458629415, guid: aed66a49a9b7fef469cd8e6dd868d2ca,
        type: 3}
      propertyPath: m_AnchorMax.y
      value: 0
      objectReference: {fileID: 0}
    - target: {fileID: 2436176894458629415, guid: aed66a49a9b7fef469cd8e6dd868d2ca,
        type: 3}
      propertyPath: m_AnchorMin.x
      value: 0
      objectReference: {fileID: 0}
    - target: {fileID: 2436176894458629415, guid: aed66a49a9b7fef469cd8e6dd868d2ca,
        type: 3}
      propertyPath: m_AnchorMin.y
      value: 0
      objectReference: {fileID: 0}
    - target: {fileID: 2436176894458629415, guid: aed66a49a9b7fef469cd8e6dd868d2ca,
        type: 3}
      propertyPath: m_SizeDelta.x
      value: 0
      objectReference: {fileID: 0}
    - target: {fileID: 2436176894458629415, guid: aed66a49a9b7fef469cd8e6dd868d2ca,
        type: 3}
      propertyPath: m_SizeDelta.y
      value: 80
      objectReference: {fileID: 0}
    - target: {fileID: 2436176894458629415, guid: aed66a49a9b7fef469cd8e6dd868d2ca,
        type: 3}
      propertyPath: m_LocalPosition.x
      value: 0
      objectReference: {fileID: 0}
    - target: {fileID: 2436176894458629415, guid: aed66a49a9b7fef469cd8e6dd868d2ca,
        type: 3}
      propertyPath: m_LocalPosition.y
      value: 0
      objectReference: {fileID: 0}
    - target: {fileID: 2436176894458629415, guid: aed66a49a9b7fef469cd8e6dd868d2ca,
        type: 3}
      propertyPath: m_LocalPosition.z
      value: 0
      objectReference: {fileID: 0}
    - target: {fileID: 2436176894458629415, guid: aed66a49a9b7fef469cd8e6dd868d2ca,
        type: 3}
      propertyPath: m_LocalRotation.w
      value: 1
      objectReference: {fileID: 0}
    - target: {fileID: 2436176894458629415, guid: aed66a49a9b7fef469cd8e6dd868d2ca,
        type: 3}
      propertyPath: m_LocalRotation.x
      value: 0
      objectReference: {fileID: 0}
    - target: {fileID: 2436176894458629415, guid: aed66a49a9b7fef469cd8e6dd868d2ca,
        type: 3}
      propertyPath: m_LocalRotation.y
      value: 0
      objectReference: {fileID: 0}
    - target: {fileID: 2436176894458629415, guid: aed66a49a9b7fef469cd8e6dd868d2ca,
        type: 3}
      propertyPath: m_LocalRotation.z
      value: 0
      objectReference: {fileID: 0}
    - target: {fileID: 2436176894458629415, guid: aed66a49a9b7fef469cd8e6dd868d2ca,
        type: 3}
      propertyPath: m_AnchoredPosition.x
      value: 0
      objectReference: {fileID: 0}
    - target: {fileID: 2436176894458629415, guid: aed66a49a9b7fef469cd8e6dd868d2ca,
        type: 3}
      propertyPath: m_AnchoredPosition.y
      value: 0
      objectReference: {fileID: 0}
    - target: {fileID: 2436176894458629415, guid: aed66a49a9b7fef469cd8e6dd868d2ca,
        type: 3}
      propertyPath: m_LocalEulerAnglesHint.x
      value: 0
      objectReference: {fileID: 0}
    - target: {fileID: 2436176894458629415, guid: aed66a49a9b7fef469cd8e6dd868d2ca,
        type: 3}
      propertyPath: m_LocalEulerAnglesHint.y
      value: 0
      objectReference: {fileID: 0}
    - target: {fileID: 2436176894458629415, guid: aed66a49a9b7fef469cd8e6dd868d2ca,
        type: 3}
      propertyPath: m_LocalEulerAnglesHint.z
      value: 0
      objectReference: {fileID: 0}
    - target: {fileID: 4295739686713487779, guid: aed66a49a9b7fef469cd8e6dd868d2ca,
        type: 3}
      propertyPath: m_Name
      value: ExhibitTile (6)
      objectReference: {fileID: 0}
    m_RemovedComponents: []
  m_SourcePrefab: {fileID: 100100000, guid: aed66a49a9b7fef469cd8e6dd868d2ca, type: 3}
--- !u!224 &8246447652589284838 stripped
RectTransform:
  m_CorrespondingSourceObject: {fileID: 2436176894458629415, guid: aed66a49a9b7fef469cd8e6dd868d2ca,
    type: 3}
  m_PrefabInstance: {fileID: 6034345800107598017}
  m_PrefabAsset: {fileID: 0}
--- !u!1001 &6182109625778243227
PrefabInstance:
  m_ObjectHideFlags: 0
  serializedVersion: 2
  m_Modification:
    m_TransformParent: {fileID: 4602461484067912756}
    m_Modifications:
    - target: {fileID: 1907005046641536712, guid: aed66a49a9b7fef469cd8e6dd868d2ca,
        type: 3}
      propertyPath: m_text
      value: "\u0422\u0435\u043A\u0441\u0442"
      objectReference: {fileID: 0}
    - target: {fileID: 2436176894458629415, guid: aed66a49a9b7fef469cd8e6dd868d2ca,
        type: 3}
      propertyPath: m_Pivot.x
      value: 0.5
      objectReference: {fileID: 0}
    - target: {fileID: 2436176894458629415, guid: aed66a49a9b7fef469cd8e6dd868d2ca,
        type: 3}
      propertyPath: m_Pivot.y
      value: 0.5
      objectReference: {fileID: 0}
    - target: {fileID: 2436176894458629415, guid: aed66a49a9b7fef469cd8e6dd868d2ca,
        type: 3}
      propertyPath: m_RootOrder
      value: 11
      objectReference: {fileID: 0}
    - target: {fileID: 2436176894458629415, guid: aed66a49a9b7fef469cd8e6dd868d2ca,
        type: 3}
      propertyPath: m_AnchorMax.x
      value: 0
      objectReference: {fileID: 0}
    - target: {fileID: 2436176894458629415, guid: aed66a49a9b7fef469cd8e6dd868d2ca,
        type: 3}
      propertyPath: m_AnchorMax.y
      value: 0
      objectReference: {fileID: 0}
    - target: {fileID: 2436176894458629415, guid: aed66a49a9b7fef469cd8e6dd868d2ca,
        type: 3}
      propertyPath: m_AnchorMin.x
      value: 0
      objectReference: {fileID: 0}
    - target: {fileID: 2436176894458629415, guid: aed66a49a9b7fef469cd8e6dd868d2ca,
        type: 3}
      propertyPath: m_AnchorMin.y
      value: 0
      objectReference: {fileID: 0}
    - target: {fileID: 2436176894458629415, guid: aed66a49a9b7fef469cd8e6dd868d2ca,
        type: 3}
      propertyPath: m_SizeDelta.x
      value: 0
      objectReference: {fileID: 0}
    - target: {fileID: 2436176894458629415, guid: aed66a49a9b7fef469cd8e6dd868d2ca,
        type: 3}
      propertyPath: m_SizeDelta.y
      value: 80
      objectReference: {fileID: 0}
    - target: {fileID: 2436176894458629415, guid: aed66a49a9b7fef469cd8e6dd868d2ca,
        type: 3}
      propertyPath: m_LocalPosition.x
      value: 0
      objectReference: {fileID: 0}
    - target: {fileID: 2436176894458629415, guid: aed66a49a9b7fef469cd8e6dd868d2ca,
        type: 3}
      propertyPath: m_LocalPosition.y
      value: 0
      objectReference: {fileID: 0}
    - target: {fileID: 2436176894458629415, guid: aed66a49a9b7fef469cd8e6dd868d2ca,
        type: 3}
      propertyPath: m_LocalPosition.z
      value: 0
      objectReference: {fileID: 0}
    - target: {fileID: 2436176894458629415, guid: aed66a49a9b7fef469cd8e6dd868d2ca,
        type: 3}
      propertyPath: m_LocalRotation.w
      value: 1
      objectReference: {fileID: 0}
    - target: {fileID: 2436176894458629415, guid: aed66a49a9b7fef469cd8e6dd868d2ca,
        type: 3}
      propertyPath: m_LocalRotation.x
      value: 0
      objectReference: {fileID: 0}
    - target: {fileID: 2436176894458629415, guid: aed66a49a9b7fef469cd8e6dd868d2ca,
        type: 3}
      propertyPath: m_LocalRotation.y
      value: 0
      objectReference: {fileID: 0}
    - target: {fileID: 2436176894458629415, guid: aed66a49a9b7fef469cd8e6dd868d2ca,
        type: 3}
      propertyPath: m_LocalRotation.z
      value: 0
      objectReference: {fileID: 0}
    - target: {fileID: 2436176894458629415, guid: aed66a49a9b7fef469cd8e6dd868d2ca,
        type: 3}
      propertyPath: m_AnchoredPosition.x
      value: 0
      objectReference: {fileID: 0}
    - target: {fileID: 2436176894458629415, guid: aed66a49a9b7fef469cd8e6dd868d2ca,
        type: 3}
      propertyPath: m_AnchoredPosition.y
      value: 0
      objectReference: {fileID: 0}
    - target: {fileID: 2436176894458629415, guid: aed66a49a9b7fef469cd8e6dd868d2ca,
        type: 3}
      propertyPath: m_LocalEulerAnglesHint.x
      value: 0
      objectReference: {fileID: 0}
    - target: {fileID: 2436176894458629415, guid: aed66a49a9b7fef469cd8e6dd868d2ca,
        type: 3}
      propertyPath: m_LocalEulerAnglesHint.y
      value: 0
      objectReference: {fileID: 0}
    - target: {fileID: 2436176894458629415, guid: aed66a49a9b7fef469cd8e6dd868d2ca,
        type: 3}
      propertyPath: m_LocalEulerAnglesHint.z
      value: 0
      objectReference: {fileID: 0}
    - target: {fileID: 4295739686713487779, guid: aed66a49a9b7fef469cd8e6dd868d2ca,
        type: 3}
      propertyPath: m_Name
      value: ExhibitTile (11)
      objectReference: {fileID: 0}
    m_RemovedComponents: []
  m_SourcePrefab: {fileID: 100100000, guid: aed66a49a9b7fef469cd8e6dd868d2ca, type: 3}
--- !u!224 &8359888211546311612 stripped
RectTransform:
  m_CorrespondingSourceObject: {fileID: 2436176894458629415, guid: aed66a49a9b7fef469cd8e6dd868d2ca,
    type: 3}
  m_PrefabInstance: {fileID: 6182109625778243227}
  m_PrefabAsset: {fileID: 0}
--- !u!1001 &7659558485959842466
PrefabInstance:
  m_ObjectHideFlags: 0
  serializedVersion: 2
  m_Modification:
    m_TransformParent: {fileID: 4602461484067912756}
    m_Modifications:
    - target: {fileID: 1907005046641536712, guid: aed66a49a9b7fef469cd8e6dd868d2ca,
        type: 3}
      propertyPath: m_text
      value: "\u0422\u0435\u043A\u0441\u0442"
      objectReference: {fileID: 0}
    - target: {fileID: 2436176894458629415, guid: aed66a49a9b7fef469cd8e6dd868d2ca,
        type: 3}
      propertyPath: m_Pivot.x
      value: 0.5
      objectReference: {fileID: 0}
    - target: {fileID: 2436176894458629415, guid: aed66a49a9b7fef469cd8e6dd868d2ca,
        type: 3}
      propertyPath: m_Pivot.y
      value: 0.5
      objectReference: {fileID: 0}
    - target: {fileID: 2436176894458629415, guid: aed66a49a9b7fef469cd8e6dd868d2ca,
        type: 3}
      propertyPath: m_RootOrder
      value: 5
      objectReference: {fileID: 0}
    - target: {fileID: 2436176894458629415, guid: aed66a49a9b7fef469cd8e6dd868d2ca,
        type: 3}
      propertyPath: m_AnchorMax.x
      value: 0
      objectReference: {fileID: 0}
    - target: {fileID: 2436176894458629415, guid: aed66a49a9b7fef469cd8e6dd868d2ca,
        type: 3}
      propertyPath: m_AnchorMax.y
      value: 0
      objectReference: {fileID: 0}
    - target: {fileID: 2436176894458629415, guid: aed66a49a9b7fef469cd8e6dd868d2ca,
        type: 3}
      propertyPath: m_AnchorMin.x
      value: 0
      objectReference: {fileID: 0}
    - target: {fileID: 2436176894458629415, guid: aed66a49a9b7fef469cd8e6dd868d2ca,
        type: 3}
      propertyPath: m_AnchorMin.y
      value: 0
      objectReference: {fileID: 0}
    - target: {fileID: 2436176894458629415, guid: aed66a49a9b7fef469cd8e6dd868d2ca,
        type: 3}
      propertyPath: m_SizeDelta.x
      value: 0
      objectReference: {fileID: 0}
    - target: {fileID: 2436176894458629415, guid: aed66a49a9b7fef469cd8e6dd868d2ca,
        type: 3}
      propertyPath: m_SizeDelta.y
      value: 80
      objectReference: {fileID: 0}
    - target: {fileID: 2436176894458629415, guid: aed66a49a9b7fef469cd8e6dd868d2ca,
        type: 3}
      propertyPath: m_LocalPosition.x
      value: 0
      objectReference: {fileID: 0}
    - target: {fileID: 2436176894458629415, guid: aed66a49a9b7fef469cd8e6dd868d2ca,
        type: 3}
      propertyPath: m_LocalPosition.y
      value: 0
      objectReference: {fileID: 0}
    - target: {fileID: 2436176894458629415, guid: aed66a49a9b7fef469cd8e6dd868d2ca,
        type: 3}
      propertyPath: m_LocalPosition.z
      value: 0
      objectReference: {fileID: 0}
    - target: {fileID: 2436176894458629415, guid: aed66a49a9b7fef469cd8e6dd868d2ca,
        type: 3}
      propertyPath: m_LocalRotation.w
      value: 1
      objectReference: {fileID: 0}
    - target: {fileID: 2436176894458629415, guid: aed66a49a9b7fef469cd8e6dd868d2ca,
        type: 3}
      propertyPath: m_LocalRotation.x
      value: 0
      objectReference: {fileID: 0}
    - target: {fileID: 2436176894458629415, guid: aed66a49a9b7fef469cd8e6dd868d2ca,
        type: 3}
      propertyPath: m_LocalRotation.y
      value: 0
      objectReference: {fileID: 0}
    - target: {fileID: 2436176894458629415, guid: aed66a49a9b7fef469cd8e6dd868d2ca,
        type: 3}
      propertyPath: m_LocalRotation.z
      value: 0
      objectReference: {fileID: 0}
    - target: {fileID: 2436176894458629415, guid: aed66a49a9b7fef469cd8e6dd868d2ca,
        type: 3}
      propertyPath: m_AnchoredPosition.x
      value: 0
      objectReference: {fileID: 0}
    - target: {fileID: 2436176894458629415, guid: aed66a49a9b7fef469cd8e6dd868d2ca,
        type: 3}
      propertyPath: m_AnchoredPosition.y
      value: 0
      objectReference: {fileID: 0}
    - target: {fileID: 2436176894458629415, guid: aed66a49a9b7fef469cd8e6dd868d2ca,
        type: 3}
      propertyPath: m_LocalEulerAnglesHint.x
      value: 0
      objectReference: {fileID: 0}
    - target: {fileID: 2436176894458629415, guid: aed66a49a9b7fef469cd8e6dd868d2ca,
        type: 3}
      propertyPath: m_LocalEulerAnglesHint.y
      value: 0
      objectReference: {fileID: 0}
    - target: {fileID: 2436176894458629415, guid: aed66a49a9b7fef469cd8e6dd868d2ca,
        type: 3}
      propertyPath: m_LocalEulerAnglesHint.z
      value: 0
      objectReference: {fileID: 0}
    - target: {fileID: 4295739686713487779, guid: aed66a49a9b7fef469cd8e6dd868d2ca,
        type: 3}
      propertyPath: m_Name
      value: ExhibitTile (5)
      objectReference: {fileID: 0}
    m_RemovedComponents: []
  m_SourcePrefab: {fileID: 100100000, guid: aed66a49a9b7fef469cd8e6dd868d2ca, type: 3}
--- !u!224 &5441261107854415749 stripped
RectTransform:
  m_CorrespondingSourceObject: {fileID: 2436176894458629415, guid: aed66a49a9b7fef469cd8e6dd868d2ca,
    type: 3}
  m_PrefabInstance: {fileID: 7659558485959842466}
  m_PrefabAsset: {fileID: 0}
--- !u!1001 &8066057239133706853
PrefabInstance:
  m_ObjectHideFlags: 0
  serializedVersion: 2
  m_Modification:
    m_TransformParent: {fileID: 4602461484067912756}
    m_Modifications:
    - target: {fileID: 1907005046641536712, guid: aed66a49a9b7fef469cd8e6dd868d2ca,
        type: 3}
      propertyPath: m_text
      value: "\u0422\u0435\u043A\u0441\u0442"
      objectReference: {fileID: 0}
    - target: {fileID: 2436176894458629415, guid: aed66a49a9b7fef469cd8e6dd868d2ca,
        type: 3}
      propertyPath: m_Pivot.x
      value: 0.5
      objectReference: {fileID: 0}
    - target: {fileID: 2436176894458629415, guid: aed66a49a9b7fef469cd8e6dd868d2ca,
        type: 3}
      propertyPath: m_Pivot.y
      value: 0.5
      objectReference: {fileID: 0}
    - target: {fileID: 2436176894458629415, guid: aed66a49a9b7fef469cd8e6dd868d2ca,
        type: 3}
      propertyPath: m_RootOrder
      value: 7
      objectReference: {fileID: 0}
    - target: {fileID: 2436176894458629415, guid: aed66a49a9b7fef469cd8e6dd868d2ca,
        type: 3}
      propertyPath: m_AnchorMax.x
      value: 0
      objectReference: {fileID: 0}
    - target: {fileID: 2436176894458629415, guid: aed66a49a9b7fef469cd8e6dd868d2ca,
        type: 3}
      propertyPath: m_AnchorMax.y
      value: 0
      objectReference: {fileID: 0}
    - target: {fileID: 2436176894458629415, guid: aed66a49a9b7fef469cd8e6dd868d2ca,
        type: 3}
      propertyPath: m_AnchorMin.x
      value: 0
      objectReference: {fileID: 0}
    - target: {fileID: 2436176894458629415, guid: aed66a49a9b7fef469cd8e6dd868d2ca,
        type: 3}
      propertyPath: m_AnchorMin.y
      value: 0
      objectReference: {fileID: 0}
    - target: {fileID: 2436176894458629415, guid: aed66a49a9b7fef469cd8e6dd868d2ca,
        type: 3}
      propertyPath: m_SizeDelta.x
      value: 0
      objectReference: {fileID: 0}
    - target: {fileID: 2436176894458629415, guid: aed66a49a9b7fef469cd8e6dd868d2ca,
        type: 3}
      propertyPath: m_SizeDelta.y
      value: 80
      objectReference: {fileID: 0}
    - target: {fileID: 2436176894458629415, guid: aed66a49a9b7fef469cd8e6dd868d2ca,
        type: 3}
      propertyPath: m_LocalPosition.x
      value: 0
      objectReference: {fileID: 0}
    - target: {fileID: 2436176894458629415, guid: aed66a49a9b7fef469cd8e6dd868d2ca,
        type: 3}
      propertyPath: m_LocalPosition.y
      value: 0
      objectReference: {fileID: 0}
    - target: {fileID: 2436176894458629415, guid: aed66a49a9b7fef469cd8e6dd868d2ca,
        type: 3}
      propertyPath: m_LocalPosition.z
      value: 0
      objectReference: {fileID: 0}
    - target: {fileID: 2436176894458629415, guid: aed66a49a9b7fef469cd8e6dd868d2ca,
        type: 3}
      propertyPath: m_LocalRotation.w
      value: 1
      objectReference: {fileID: 0}
    - target: {fileID: 2436176894458629415, guid: aed66a49a9b7fef469cd8e6dd868d2ca,
        type: 3}
      propertyPath: m_LocalRotation.x
      value: 0
      objectReference: {fileID: 0}
    - target: {fileID: 2436176894458629415, guid: aed66a49a9b7fef469cd8e6dd868d2ca,
        type: 3}
      propertyPath: m_LocalRotation.y
      value: 0
      objectReference: {fileID: 0}
    - target: {fileID: 2436176894458629415, guid: aed66a49a9b7fef469cd8e6dd868d2ca,
        type: 3}
      propertyPath: m_LocalRotation.z
      value: 0
      objectReference: {fileID: 0}
    - target: {fileID: 2436176894458629415, guid: aed66a49a9b7fef469cd8e6dd868d2ca,
        type: 3}
      propertyPath: m_AnchoredPosition.x
      value: 0
      objectReference: {fileID: 0}
    - target: {fileID: 2436176894458629415, guid: aed66a49a9b7fef469cd8e6dd868d2ca,
        type: 3}
      propertyPath: m_AnchoredPosition.y
      value: 0
      objectReference: {fileID: 0}
    - target: {fileID: 2436176894458629415, guid: aed66a49a9b7fef469cd8e6dd868d2ca,
        type: 3}
      propertyPath: m_LocalEulerAnglesHint.x
      value: 0
      objectReference: {fileID: 0}
    - target: {fileID: 2436176894458629415, guid: aed66a49a9b7fef469cd8e6dd868d2ca,
        type: 3}
      propertyPath: m_LocalEulerAnglesHint.y
      value: 0
      objectReference: {fileID: 0}
    - target: {fileID: 2436176894458629415, guid: aed66a49a9b7fef469cd8e6dd868d2ca,
        type: 3}
      propertyPath: m_LocalEulerAnglesHint.z
      value: 0
      objectReference: {fileID: 0}
    - target: {fileID: 4295739686713487779, guid: aed66a49a9b7fef469cd8e6dd868d2ca,
        type: 3}
      propertyPath: m_Name
      value: ExhibitTile (7)
      objectReference: {fileID: 0}
    m_RemovedComponents: []
  m_SourcePrefab: {fileID: 100100000, guid: aed66a49a9b7fef469cd8e6dd868d2ca, type: 3}
--- !u!224 &5638345830448551746 stripped
RectTransform:
  m_CorrespondingSourceObject: {fileID: 2436176894458629415, guid: aed66a49a9b7fef469cd8e6dd868d2ca,
    type: 3}
  m_PrefabInstance: {fileID: 8066057239133706853}
  m_PrefabAsset: {fileID: 0}
