%YAML 1.1
%TAG !u! tag:unity3d.com,2011:
--- !u!1 &1296943758041006634
GameObject:
  m_ObjectHideFlags: 0
  m_CorrespondingSourceObject: {fileID: 0}
  m_PrefabInstance: {fileID: 0}
  m_PrefabAsset: {fileID: 0}
  serializedVersion: 6
  m_Component:
  - component: {fileID: 4537511480559561324}
  - component: {fileID: 8631920639891182167}
  - component: {fileID: 1811127788638354226}
  m_Layer: 5
  m_Name: QuizQuestions
  m_TagString: Untagged
  m_Icon: {fileID: 0}
  m_NavMeshLayer: 0
  m_StaticEditorFlags: 0
  m_IsActive: 1
--- !u!224 &4537511480559561324
RectTransform:
  m_ObjectHideFlags: 0
  m_CorrespondingSourceObject: {fileID: 0}
  m_PrefabInstance: {fileID: 0}
  m_PrefabAsset: {fileID: 0}
  m_GameObject: {fileID: 1296943758041006634}
  m_LocalRotation: {x: 0, y: 0, z: 0, w: 1}
  m_LocalPosition: {x: 0, y: 0, z: 0}
  m_LocalScale: {x: 1, y: 1, z: 1}
  m_ConstrainProportionsScale: 0
  m_Children:
  - {fileID: 3306336233165161291}
  - {fileID: 4981359265413447583}
  m_Father: {fileID: 6046549843906629089}
  m_RootOrder: 1
  m_LocalEulerAnglesHint: {x: 0, y: 0, z: 0}
  m_AnchorMin: {x: 0.05, y: 0}
  m_AnchorMax: {x: 1, y: 1}
  m_AnchoredPosition: {x: 0, y: 0}
  m_SizeDelta: {x: 0, y: 0}
  m_Pivot: {x: 0.5, y: 0.5}
--- !u!222 &8631920639891182167
CanvasRenderer:
  m_ObjectHideFlags: 0
  m_CorrespondingSourceObject: {fileID: 0}
  m_PrefabInstance: {fileID: 0}
  m_PrefabAsset: {fileID: 0}
  m_GameObject: {fileID: 1296943758041006634}
  m_CullTransparentMesh: 1
--- !u!114 &1811127788638354226
MonoBehaviour:
  m_ObjectHideFlags: 0
  m_CorrespondingSourceObject: {fileID: 0}
  m_PrefabInstance: {fileID: 0}
  m_PrefabAsset: {fileID: 0}
  m_GameObject: {fileID: 1296943758041006634}
  m_Enabled: 0
  m_EditorHideFlags: 0
  m_Script: {fileID: 11500000, guid: 59f8146938fff824cb5fd77236b75775, type: 3}
  m_Name: 
  m_EditorClassIdentifier: 
  m_Padding:
    m_Left: 0
    m_Right: 0
    m_Top: 0
    m_Bottom: 0
  m_ChildAlignment: 0
  m_Spacing: 75
  m_ChildForceExpandWidth: 1
  m_ChildForceExpandHeight: 1
  m_ChildControlWidth: 1
  m_ChildControlHeight: 1
  m_ChildScaleWidth: 0
  m_ChildScaleHeight: 0
  m_ReverseArrangement: 0
--- !u!1 &1997205722729828505
GameObject:
  m_ObjectHideFlags: 0
  m_CorrespondingSourceObject: {fileID: 0}
  m_PrefabInstance: {fileID: 0}
  m_PrefabAsset: {fileID: 0}
  serializedVersion: 6
  m_Component:
  - component: {fileID: 1419385323616408448}
  - component: {fileID: 6493913157151991006}
  m_Layer: 5
  m_Name: QuizResults
  m_TagString: Untagged
  m_Icon: {fileID: 0}
  m_NavMeshLayer: 0
  m_StaticEditorFlags: 0
  m_IsActive: 0
--- !u!224 &1419385323616408448
RectTransform:
  m_ObjectHideFlags: 0
  m_CorrespondingSourceObject: {fileID: 0}
  m_PrefabInstance: {fileID: 0}
  m_PrefabAsset: {fileID: 0}
  m_GameObject: {fileID: 1997205722729828505}
  m_LocalRotation: {x: 0, y: 0, z: 0, w: 1}
  m_LocalPosition: {x: 0, y: 0, z: 0}
  m_LocalScale: {x: 1, y: 1, z: 1}
  m_ConstrainProportionsScale: 0
  m_Children:
  - {fileID: 2837043568085230195}
  - {fileID: 8025221924196379225}
  - {fileID: 6849060590648163112}
  m_Father: {fileID: 6046549843906629089}
  m_RootOrder: 2
  m_LocalEulerAnglesHint: {x: 0, y: 0, z: 0}
  m_AnchorMin: {x: 0.05, y: 0}
  m_AnchorMax: {x: 1, y: 1}
  m_AnchoredPosition: {x: 0, y: 0}
  m_SizeDelta: {x: 0, y: 0}
  m_Pivot: {x: 0.5, y: 0.5}
--- !u!222 &6493913157151991006
CanvasRenderer:
  m_ObjectHideFlags: 0
  m_CorrespondingSourceObject: {fileID: 0}
  m_PrefabInstance: {fileID: 0}
  m_PrefabAsset: {fileID: 0}
  m_GameObject: {fileID: 1997205722729828505}
  m_CullTransparentMesh: 1
--- !u!1 &2340824070850225708
GameObject:
  m_ObjectHideFlags: 0
  m_CorrespondingSourceObject: {fileID: 0}
  m_PrefabInstance: {fileID: 0}
  m_PrefabAsset: {fileID: 0}
  serializedVersion: 6
  m_Component:
  - component: {fileID: 3558761801074106603}
  - component: {fileID: 2491260284950534221}
  - component: {fileID: 668152623362747966}
  - component: {fileID: 2543407887445960734}
  m_Layer: 5
  m_Name: NextButton
  m_TagString: Untagged
  m_Icon: {fileID: 0}
  m_NavMeshLayer: 0
  m_StaticEditorFlags: 0
  m_IsActive: 1
--- !u!224 &3558761801074106603
RectTransform:
  m_ObjectHideFlags: 0
  m_CorrespondingSourceObject: {fileID: 0}
  m_PrefabInstance: {fileID: 0}
  m_PrefabAsset: {fileID: 0}
  m_GameObject: {fileID: 2340824070850225708}
  m_LocalRotation: {x: 0, y: 0, z: 0, w: 1}
  m_LocalPosition: {x: 0, y: 0, z: 0}
  m_LocalScale: {x: 1, y: 1, z: 1}
  m_ConstrainProportionsScale: 0
  m_Children:
  - {fileID: 3495351086630807760}
  m_Father: {fileID: 6046549843906629089}
  m_RootOrder: 3
  m_LocalEulerAnglesHint: {x: 0, y: 0, z: 0}
  m_AnchorMin: {x: 1, y: 0}
  m_AnchorMax: {x: 1, y: 0}
  m_AnchoredPosition: {x: 0, y: 0}
  m_SizeDelta: {x: 100, y: 50}
  m_Pivot: {x: 1, y: 0}
--- !u!222 &2491260284950534221
CanvasRenderer:
  m_ObjectHideFlags: 0
  m_CorrespondingSourceObject: {fileID: 0}
  m_PrefabInstance: {fileID: 0}
  m_PrefabAsset: {fileID: 0}
  m_GameObject: {fileID: 2340824070850225708}
  m_CullTransparentMesh: 1
--- !u!114 &668152623362747966
MonoBehaviour:
  m_ObjectHideFlags: 0
  m_CorrespondingSourceObject: {fileID: 0}
  m_PrefabInstance: {fileID: 0}
  m_PrefabAsset: {fileID: 0}
  m_GameObject: {fileID: 2340824070850225708}
  m_Enabled: 1
  m_EditorHideFlags: 0
  m_Script: {fileID: 11500000, guid: fe87c0e1cc204ed48ad3b37840f39efc, type: 3}
  m_Name: 
  m_EditorClassIdentifier: 
  m_Material: {fileID: 0}
  m_Color: {r: 1, g: 1, b: 1, a: 1}
  m_RaycastTarget: 1
  m_RaycastPadding: {x: 0, y: 0, z: 0, w: 0}
  m_Maskable: 1
  m_OnCullStateChanged:
    m_PersistentCalls:
      m_Calls: []
  m_Sprite: {fileID: 21300000, guid: 74343df78d14866cc8bf9dc7a3acca53, type: 3}
  m_Type: 1
  m_PreserveAspect: 0
  m_FillCenter: 1
  m_FillMethod: 4
  m_FillAmount: 1
  m_FillClockwise: 1
  m_FillOrigin: 0
  m_UseSpriteMesh: 0
  m_PixelsPerUnitMultiplier: 0.8
--- !u!114 &2543407887445960734
MonoBehaviour:
  m_ObjectHideFlags: 0
  m_CorrespondingSourceObject: {fileID: 0}
  m_PrefabInstance: {fileID: 0}
  m_PrefabAsset: {fileID: 0}
  m_GameObject: {fileID: 2340824070850225708}
  m_Enabled: 1
  m_EditorHideFlags: 0
  m_Script: {fileID: 11500000, guid: 456482e33fec465b8dce88f59cf3820e, type: 3}
  m_Name: 
  m_EditorClassIdentifier: 
  m_Navigation:
    m_Mode: 3
    m_WrapAround: 0
    m_SelectOnUp: {fileID: 0}
    m_SelectOnDown: {fileID: 0}
    m_SelectOnLeft: {fileID: 0}
    m_SelectOnRight: {fileID: 0}
  m_Transition: 1
  m_Colors:
    m_NormalColor: {r: 1, g: 1, b: 1, a: 1}
    m_HighlightedColor: {r: 0.9607843, g: 0.9607843, b: 0.9607843, a: 1}
    m_PressedColor: {r: 0.78431374, g: 0.78431374, b: 0.78431374, a: 1}
    m_SelectedColor: {r: 0.9607843, g: 0.9607843, b: 0.9607843, a: 1}
    m_DisabledColor: {r: 0.78431374, g: 0.78431374, b: 0.78431374, a: 0.5019608}
    m_ColorMultiplier: 1
    m_FadeDuration: 0.1
  m_SpriteState:
    m_HighlightedSprite: {fileID: 0}
    m_PressedSprite: {fileID: 0}
    m_SelectedSprite: {fileID: 0}
    m_DisabledSprite: {fileID: 0}
  m_AnimationTriggers:
    m_NormalTrigger: Normal
    m_HighlightedTrigger: Highlighted
    m_PressedTrigger: Pressed
    m_SelectedTrigger: Selected
    m_DisabledTrigger: Disabled
  m_Interactable: 1
  m_TargetGraphic: {fileID: 668152623362747966}
  m_OnClick:
    m_PersistentCalls:
      m_Calls: []
  targetsGraphics:
  - TargetGraphic: {fileID: 668152623362747966}
    Colors:
      m_NormalColor: {r: 1, g: 0.4627451, b: 0.16078432, a: 1}
      m_HighlightedColor: {r: 1, g: 0.4627451, b: 0.16078432, a: 1}
      m_PressedColor: {r: 1, g: 0.4627451, b: 0.16078432, a: 1}
      m_SelectedColor: {r: 1, g: 0.4627451, b: 0.16078432, a: 1}
      m_DisabledColor: {r: 0.47058824, g: 0.47058824, b: 0.47058824, a: 1}
      m_ColorMultiplier: 1
      m_FadeDuration: 0.1
  - TargetGraphic: {fileID: 8959777245396730781}
    Colors:
      m_NormalColor: {r: 1, g: 1, b: 1, a: 1}
      m_HighlightedColor: {r: 1, g: 1, b: 1, a: 1}
      m_PressedColor: {r: 1, g: 1, b: 1, a: 1}
      m_SelectedColor: {r: 1, g: 1, b: 1, a: 1}
      m_DisabledColor: {r: 0.050980393, g: 0.06666667, b: 0.1764706, a: 1}
      m_ColorMultiplier: 1
      m_FadeDuration: 0.1
--- !u!1 &2431092378270493651
GameObject:
  m_ObjectHideFlags: 0
  m_CorrespondingSourceObject: {fileID: 0}
  m_PrefabInstance: {fileID: 0}
  m_PrefabAsset: {fileID: 0}
  serializedVersion: 6
  m_Component:
  - component: {fileID: 1179478393642589089}
  - component: {fileID: 6334059754795615893}
  - component: {fileID: 7351535865527426044}
  m_Layer: 5
  m_Name: QuizIntro
  m_TagString: Untagged
  m_Icon: {fileID: 0}
  m_NavMeshLayer: 0
  m_StaticEditorFlags: 0
  m_IsActive: 0
--- !u!224 &1179478393642589089
RectTransform:
  m_ObjectHideFlags: 0
  m_CorrespondingSourceObject: {fileID: 0}
  m_PrefabInstance: {fileID: 0}
  m_PrefabAsset: {fileID: 0}
  m_GameObject: {fileID: 2431092378270493651}
  m_LocalRotation: {x: 0, y: 0, z: 0, w: 1}
  m_LocalPosition: {x: 0, y: 0, z: 0}
  m_LocalScale: {x: 1, y: 1, z: 1}
  m_ConstrainProportionsScale: 0
  m_Children:
  - {fileID: 1948569400261747860}
  - {fileID: 2589523900249792042}
  m_Father: {fileID: 6046549843906629089}
  m_RootOrder: 0
  m_LocalEulerAnglesHint: {x: 0, y: 0, z: 0}
  m_AnchorMin: {x: 0.05, y: 0}
  m_AnchorMax: {x: 1, y: 1}
  m_AnchoredPosition: {x: 0, y: 0}
  m_SizeDelta: {x: 0, y: 0}
  m_Pivot: {x: 0.5, y: 0.5}
--- !u!222 &6334059754795615893
CanvasRenderer:
  m_ObjectHideFlags: 0
  m_CorrespondingSourceObject: {fileID: 0}
  m_PrefabInstance: {fileID: 0}
  m_PrefabAsset: {fileID: 0}
  m_GameObject: {fileID: 2431092378270493651}
  m_CullTransparentMesh: 1
--- !u!114 &7351535865527426044
MonoBehaviour:
  m_ObjectHideFlags: 0
  m_CorrespondingSourceObject: {fileID: 0}
  m_PrefabInstance: {fileID: 0}
  m_PrefabAsset: {fileID: 0}
  m_GameObject: {fileID: 2431092378270493651}
  m_Enabled: 1
  m_EditorHideFlags: 0
  m_Script: {fileID: 11500000, guid: 59f8146938fff824cb5fd77236b75775, type: 3}
  m_Name: 
  m_EditorClassIdentifier: 
  m_Padding:
    m_Left: 0
    m_Right: 0
    m_Top: 0
    m_Bottom: 0
  m_ChildAlignment: 0
  m_Spacing: 75
  m_ChildForceExpandWidth: 1
  m_ChildForceExpandHeight: 0
  m_ChildControlWidth: 1
  m_ChildControlHeight: 1
  m_ChildScaleWidth: 0
  m_ChildScaleHeight: 0
  m_ReverseArrangement: 0
--- !u!1 &2515064783786410890
GameObject:
  m_ObjectHideFlags: 0
  m_CorrespondingSourceObject: {fileID: 0}
  m_PrefabInstance: {fileID: 0}
  m_PrefabAsset: {fileID: 0}
  serializedVersion: 6
  m_Component:
  - component: {fileID: 4981359265413447583}
  - component: {fileID: 8919214190269175824}
  m_Layer: 5
  m_Name: QuestionBody
  m_TagString: Untagged
  m_Icon: {fileID: 0}
  m_NavMeshLayer: 0
  m_StaticEditorFlags: 0
  m_IsActive: 1
--- !u!224 &4981359265413447583
RectTransform:
  m_ObjectHideFlags: 0
  m_CorrespondingSourceObject: {fileID: 0}
  m_PrefabInstance: {fileID: 0}
  m_PrefabAsset: {fileID: 0}
  m_GameObject: {fileID: 2515064783786410890}
  m_LocalRotation: {x: 0, y: 0, z: 0, w: 1}
  m_LocalPosition: {x: 0, y: 0, z: 0}
  m_LocalScale: {x: 1, y: 1, z: 1}
  m_ConstrainProportionsScale: 0
  m_Children:
  - {fileID: 2056286194420242725}
  - {fileID: 8880854727073426379}
  m_Father: {fileID: 4537511480559561324}
  m_RootOrder: 1
  m_LocalEulerAnglesHint: {x: 0, y: 0, z: 0}
  m_AnchorMin: {x: 0, y: 0}
  m_AnchorMax: {x: 1, y: 1}
  m_AnchoredPosition: {x: 0, y: -50}
  m_SizeDelta: {x: 0, y: -100}
  m_Pivot: {x: 0.5, y: 0.5}
--- !u!114 &8919214190269175824
MonoBehaviour:
  m_ObjectHideFlags: 0
  m_CorrespondingSourceObject: {fileID: 0}
  m_PrefabInstance: {fileID: 0}
  m_PrefabAsset: {fileID: 0}
  m_GameObject: {fileID: 2515064783786410890}
  m_Enabled: 1
  m_EditorHideFlags: 0
  m_Script: {fileID: 11500000, guid: 8a8695521f0d02e499659fee002a26c2, type: 3}
  m_Name: 
  m_EditorClassIdentifier: 
  m_Padding:
    m_Left: 0
    m_Right: 0
    m_Top: 0
    m_Bottom: 0
  m_ChildAlignment: 0
  m_StartCorner: 0
  m_StartAxis: 0
  m_CellSize: {x: 100, y: 100}
  m_Spacing: {x: 0, y: 0}
  m_Constraint: 0
  m_ConstraintCount: 2
--- !u!1 &3874158264886862500
GameObject:
  m_ObjectHideFlags: 0
  m_CorrespondingSourceObject: {fileID: 0}
  m_PrefabInstance: {fileID: 0}
  m_PrefabAsset: {fileID: 0}
  serializedVersion: 6
  m_Component:
  - component: {fileID: 3495351086630807760}
  - component: {fileID: 6970665470801442145}
  - component: {fileID: 8959777245396730781}
  m_Layer: 5
  m_Name: Image
  m_TagString: Untagged
  m_Icon: {fileID: 0}
  m_NavMeshLayer: 0
  m_StaticEditorFlags: 0
  m_IsActive: 1
--- !u!224 &3495351086630807760
RectTransform:
  m_ObjectHideFlags: 0
  m_CorrespondingSourceObject: {fileID: 0}
  m_PrefabInstance: {fileID: 0}
  m_PrefabAsset: {fileID: 0}
  m_GameObject: {fileID: 3874158264886862500}
  m_LocalRotation: {x: 0, y: 0, z: 0, w: 1}
  m_LocalPosition: {x: 0, y: 0, z: 0}
  m_LocalScale: {x: 1, y: 1, z: 1}
  m_ConstrainProportionsScale: 0
  m_Children: []
  m_Father: {fileID: 3558761801074106603}
  m_RootOrder: 0
  m_LocalEulerAnglesHint: {x: 0, y: 0, z: 0}
  m_AnchorMin: {x: 0.5, y: 0.5}
  m_AnchorMax: {x: 0.5, y: 0.5}
  m_AnchoredPosition: {x: 0, y: 0}
  m_SizeDelta: {x: 80, y: 46.62}
  m_Pivot: {x: 0.5, y: 0.5}
--- !u!222 &6970665470801442145
CanvasRenderer:
  m_ObjectHideFlags: 0
  m_CorrespondingSourceObject: {fileID: 0}
  m_PrefabInstance: {fileID: 0}
  m_PrefabAsset: {fileID: 0}
  m_GameObject: {fileID: 3874158264886862500}
  m_CullTransparentMesh: 1
--- !u!114 &8959777245396730781
MonoBehaviour:
  m_ObjectHideFlags: 0
  m_CorrespondingSourceObject: {fileID: 0}
  m_PrefabInstance: {fileID: 0}
  m_PrefabAsset: {fileID: 0}
  m_GameObject: {fileID: 3874158264886862500}
  m_Enabled: 1
  m_EditorHideFlags: 0
  m_Script: {fileID: 11500000, guid: fe87c0e1cc204ed48ad3b37840f39efc, type: 3}
  m_Name: 
  m_EditorClassIdentifier: 
  m_Material: {fileID: 0}
  m_Color: {r: 1, g: 1, b: 1, a: 1}
  m_RaycastTarget: 1
  m_RaycastPadding: {x: 0, y: 0, z: 0, w: 0}
  m_Maskable: 1
  m_OnCullStateChanged:
    m_PersistentCalls:
      m_Calls: []
  m_Sprite: {fileID: 21300000, guid: ffb8ee35ce7db74679cf1221b3608a2c, type: 3}
  m_Type: 0
  m_PreserveAspect: 0
  m_FillCenter: 1
  m_FillMethod: 4
  m_FillAmount: 1
  m_FillClockwise: 1
  m_FillOrigin: 0
  m_UseSpriteMesh: 0
  m_PixelsPerUnitMultiplier: 1
--- !u!1 &4169109902154071629
GameObject:
  m_ObjectHideFlags: 0
  m_CorrespondingSourceObject: {fileID: 0}
  m_PrefabInstance: {fileID: 0}
  m_PrefabAsset: {fileID: 0}
  serializedVersion: 6
  m_Component:
  - component: {fileID: 8880854727073426379}
  - component: {fileID: 2957400925214394754}
  - component: {fileID: 4507621197673995026}
  m_Layer: 5
  m_Name: Scroll View
  m_TagString: Untagged
  m_Icon: {fileID: 0}
  m_NavMeshLayer: 0
  m_StaticEditorFlags: 0
  m_IsActive: 1
--- !u!224 &8880854727073426379
RectTransform:
  m_ObjectHideFlags: 0
  m_CorrespondingSourceObject: {fileID: 0}
  m_PrefabInstance: {fileID: 0}
  m_PrefabAsset: {fileID: 0}
  m_GameObject: {fileID: 4169109902154071629}
  m_LocalRotation: {x: -0, y: -0, z: -0, w: 1}
  m_LocalPosition: {x: 0, y: 0, z: 0}
  m_LocalScale: {x: 1, y: 1, z: 1}
  m_ConstrainProportionsScale: 0
  m_Children:
  - {fileID: 893272365362428270}
  m_Father: {fileID: 4981359265413447583}
  m_RootOrder: 1
  m_LocalEulerAnglesHint: {x: 0, y: 0, z: 0}
  m_AnchorMin: {x: 0, y: 0}
  m_AnchorMax: {x: 0, y: 0}
  m_AnchoredPosition: {x: 0, y: 0}
  m_SizeDelta: {x: 0, y: 0}
  m_Pivot: {x: 0.5, y: 0.5}
--- !u!222 &2957400925214394754
CanvasRenderer:
  m_ObjectHideFlags: 0
  m_CorrespondingSourceObject: {fileID: 0}
  m_PrefabInstance: {fileID: 0}
  m_PrefabAsset: {fileID: 0}
  m_GameObject: {fileID: 4169109902154071629}
  m_CullTransparentMesh: 1
--- !u!114 &4507621197673995026
MonoBehaviour:
  m_ObjectHideFlags: 0
  m_CorrespondingSourceObject: {fileID: 0}
  m_PrefabInstance: {fileID: 0}
  m_PrefabAsset: {fileID: 0}
  m_GameObject: {fileID: 4169109902154071629}
  m_Enabled: 1
  m_EditorHideFlags: 0
  m_Script: {fileID: 11500000, guid: 1aa08ab6e0800fa44ae55d278d1423e3, type: 3}
  m_Name: 
  m_EditorClassIdentifier: 
  m_Content: {fileID: 860593382556893210}
  m_Horizontal: 0
  m_Vertical: 1
  m_MovementType: 1
  m_Elasticity: 0.1
  m_Inertia: 1
  m_DecelerationRate: 0.135
  m_ScrollSensitivity: 1
  m_Viewport: {fileID: 893272365362428270}
  m_HorizontalScrollbar: {fileID: 0}
  m_VerticalScrollbar: {fileID: 0}
  m_HorizontalScrollbarVisibility: 2
  m_VerticalScrollbarVisibility: 2
  m_HorizontalScrollbarSpacing: -3
  m_VerticalScrollbarSpacing: -3
  m_OnValueChanged:
    m_PersistentCalls:
      m_Calls: []
--- !u!1 &4671838026478639463
GameObject:
  m_ObjectHideFlags: 0
  m_CorrespondingSourceObject: {fileID: 0}
  m_PrefabInstance: {fileID: 0}
  m_PrefabAsset: {fileID: 0}
  serializedVersion: 6
  m_Component:
  - component: {fileID: 893272365362428270}
  - component: {fileID: 2647599126363008113}
  - component: {fileID: 1915752813367924733}
  - component: {fileID: 5431579181760304773}
  m_Layer: 5
  m_Name: Viewport
  m_TagString: Untagged
  m_Icon: {fileID: 0}
  m_NavMeshLayer: 0
  m_StaticEditorFlags: 0
  m_IsActive: 1
--- !u!224 &893272365362428270
RectTransform:
  m_ObjectHideFlags: 0
  m_CorrespondingSourceObject: {fileID: 0}
  m_PrefabInstance: {fileID: 0}
  m_PrefabAsset: {fileID: 0}
  m_GameObject: {fileID: 4671838026478639463}
  m_LocalRotation: {x: -0, y: -0, z: -0, w: 1}
  m_LocalPosition: {x: 0, y: 0, z: 0}
  m_LocalScale: {x: 1, y: 1, z: 1}
  m_ConstrainProportionsScale: 0
  m_Children:
  - {fileID: 860593382556893210}
  m_Father: {fileID: 8880854727073426379}
  m_RootOrder: 0
  m_LocalEulerAnglesHint: {x: 0, y: 0, z: 0}
  m_AnchorMin: {x: 0, y: 0}
  m_AnchorMax: {x: 1, y: 1}
  m_AnchoredPosition: {x: 0, y: 0}
  m_SizeDelta: {x: 0, y: 0}
  m_Pivot: {x: 0, y: 1}
--- !u!222 &2647599126363008113
CanvasRenderer:
  m_ObjectHideFlags: 0
  m_CorrespondingSourceObject: {fileID: 0}
  m_PrefabInstance: {fileID: 0}
  m_PrefabAsset: {fileID: 0}
  m_GameObject: {fileID: 4671838026478639463}
  m_CullTransparentMesh: 1
--- !u!114 &1915752813367924733
MonoBehaviour:
  m_ObjectHideFlags: 0
  m_CorrespondingSourceObject: {fileID: 0}
  m_PrefabInstance: {fileID: 0}
  m_PrefabAsset: {fileID: 0}
  m_GameObject: {fileID: 4671838026478639463}
  m_Enabled: 1
  m_EditorHideFlags: 0
  m_Script: {fileID: 11500000, guid: fe87c0e1cc204ed48ad3b37840f39efc, type: 3}
  m_Name: 
  m_EditorClassIdentifier: 
  m_Material: {fileID: 0}
  m_Color: {r: 1, g: 1, b: 1, a: 1}
  m_RaycastTarget: 1
  m_RaycastPadding: {x: 0, y: 0, z: 0, w: 0}
  m_Maskable: 1
  m_OnCullStateChanged:
    m_PersistentCalls:
      m_Calls: []
  m_Sprite: {fileID: 10917, guid: 0000000000000000f000000000000000, type: 0}
  m_Type: 1
  m_PreserveAspect: 0
  m_FillCenter: 1
  m_FillMethod: 4
  m_FillAmount: 1
  m_FillClockwise: 1
  m_FillOrigin: 0
  m_UseSpriteMesh: 0
  m_PixelsPerUnitMultiplier: 1
--- !u!114 &5431579181760304773
MonoBehaviour:
  m_ObjectHideFlags: 0
  m_CorrespondingSourceObject: {fileID: 0}
  m_PrefabInstance: {fileID: 0}
  m_PrefabAsset: {fileID: 0}
  m_GameObject: {fileID: 4671838026478639463}
  m_Enabled: 1
  m_EditorHideFlags: 0
  m_Script: {fileID: 11500000, guid: 31a19414c41e5ae4aae2af33fee712f6, type: 3}
  m_Name: 
  m_EditorClassIdentifier: 
  m_ShowMaskGraphic: 0
--- !u!1 &4788331712993284752
GameObject:
  m_ObjectHideFlags: 0
  m_CorrespondingSourceObject: {fileID: 0}
  m_PrefabInstance: {fileID: 0}
  m_PrefabAsset: {fileID: 0}
  serializedVersion: 6
  m_Component:
  - component: {fileID: 2056286194420242725}
  - component: {fileID: 8091490422443000928}
  m_Layer: 5
  m_Name: QuestionSection
  m_TagString: Untagged
  m_Icon: {fileID: 0}
  m_NavMeshLayer: 0
  m_StaticEditorFlags: 0
  m_IsActive: 1
--- !u!224 &2056286194420242725
RectTransform:
  m_ObjectHideFlags: 0
  m_CorrespondingSourceObject: {fileID: 0}
  m_PrefabInstance: {fileID: 0}
  m_PrefabAsset: {fileID: 0}
  m_GameObject: {fileID: 4788331712993284752}
  m_LocalRotation: {x: -0, y: -0, z: -0, w: 1}
  m_LocalPosition: {x: 0, y: 0, z: 0}
  m_LocalScale: {x: 1, y: 1, z: 1}
  m_ConstrainProportionsScale: 0
  m_Children: []
  m_Father: {fileID: 4981359265413447583}
  m_RootOrder: 0
  m_LocalEulerAnglesHint: {x: 0, y: 0, z: 0}
  m_AnchorMin: {x: 0, y: 0}
  m_AnchorMax: {x: 0, y: 0}
  m_AnchoredPosition: {x: 0, y: 0}
  m_SizeDelta: {x: 0, y: 0}
  m_Pivot: {x: 0.5, y: 0.5}
--- !u!222 &8091490422443000928
CanvasRenderer:
  m_ObjectHideFlags: 0
  m_CorrespondingSourceObject: {fileID: 0}
  m_PrefabInstance: {fileID: 0}
  m_PrefabAsset: {fileID: 0}
  m_GameObject: {fileID: 4788331712993284752}
  m_CullTransparentMesh: 1
--- !u!1 &4908613070047740442
GameObject:
  m_ObjectHideFlags: 0
  m_CorrespondingSourceObject: {fileID: 0}
  m_PrefabInstance: {fileID: 0}
  m_PrefabAsset: {fileID: 0}
  serializedVersion: 6
  m_Component:
  - component: {fileID: 6046549843906629089}
  - component: {fileID: 565881342847596537}
  m_Layer: 5
  m_Name: QuizPanel
  m_TagString: Untagged
  m_Icon: {fileID: 0}
  m_NavMeshLayer: 0
  m_StaticEditorFlags: 0
  m_IsActive: 1
--- !u!224 &6046549843906629089
RectTransform:
  m_ObjectHideFlags: 0
  m_CorrespondingSourceObject: {fileID: 0}
  m_PrefabInstance: {fileID: 0}
  m_PrefabAsset: {fileID: 0}
  m_GameObject: {fileID: 4908613070047740442}
  m_LocalRotation: {x: 0, y: 0, z: 0, w: 1}
  m_LocalPosition: {x: 0, y: 0, z: 0}
  m_LocalScale: {x: 1, y: 1, z: 1}
  m_ConstrainProportionsScale: 0
  m_Children:
  - {fileID: 1179478393642589089}
  - {fileID: 4537511480559561324}
  - {fileID: 1419385323616408448}
  - {fileID: 3558761801074106603}
  m_Father: {fileID: 0}
  m_RootOrder: 0
  m_LocalEulerAnglesHint: {x: 0, y: 0, z: 0}
  m_AnchorMin: {x: 0.05, y: 0.1}
  m_AnchorMax: {x: 0.95, y: 0.9}
  m_AnchoredPosition: {x: 0, y: 0}
  m_SizeDelta: {x: 0, y: 0}
  m_Pivot: {x: 0.5, y: 0.5}
--- !u!114 &565881342847596537
MonoBehaviour:
  m_ObjectHideFlags: 0
  m_CorrespondingSourceObject: {fileID: 0}
  m_PrefabInstance: {fileID: 0}
  m_PrefabAsset: {fileID: 0}
  m_GameObject: {fileID: 4908613070047740442}
  m_Enabled: 1
  m_EditorHideFlags: 0
  m_Script: {fileID: 11500000, guid: 2a9e280b65cd2ab4d93cbaefbe28f6da, type: 3}
  m_Name: 
  m_EditorClassIdentifier: 
  nextButton: {fileID: 2543407887445960734}
  quizIntro: {fileID: 2431092378270493651}
  quizResults: {fileID: 1997205722729828505}
  quizQuestion: {fileID: 1296943758041006634}
  Results: {fileID: 7230885846754300905}
  questionHeader: {fileID: 1527866050026373541}
  questionSection: {fileID: 2056286194420242725}
  scrollViewContent: {fileID: 860593382556893210}
  questionBody: {fileID: 2515064783786410890}
  choiceButtonPrefab: {fileID: 3382917114421442292, guid: 72dc0418692d7d88a9d1089397aed6bf,
    type: 3}
  textQuestionPrefab: {fileID: 4908613070047740442, guid: b0d26581300884e3cac14b0b77ce3059,
    type: 3}
  imageQuestionPrefab: {fileID: 4908613070047740442, guid: b591f446a97b03c87a85566d5dedfebb,
    type: 3}
  StartWindowPrefab: {fileID: 4150333582338023068, guid: 19f7a55dcbae4d4dc8b1ac7ee7d67039,
    type: 3}
--- !u!1 &6376808541925139096
GameObject:
  m_ObjectHideFlags: 0
  m_CorrespondingSourceObject: {fileID: 0}
  m_PrefabInstance: {fileID: 0}
  m_PrefabAsset: {fileID: 0}
  serializedVersion: 6
  m_Component:
  - component: {fileID: 860593382556893210}
  - component: {fileID: 8108333568009013350}
  m_Layer: 5
  m_Name: Content
  m_TagString: Untagged
  m_Icon: {fileID: 0}
  m_NavMeshLayer: 0
  m_StaticEditorFlags: 0
  m_IsActive: 1
--- !u!224 &860593382556893210
RectTransform:
  m_ObjectHideFlags: 0
  m_CorrespondingSourceObject: {fileID: 0}
  m_PrefabInstance: {fileID: 0}
  m_PrefabAsset: {fileID: 0}
  m_GameObject: {fileID: 6376808541925139096}
  m_LocalRotation: {x: -0, y: -0, z: -0, w: 1}
  m_LocalPosition: {x: 0, y: 0, z: 0}
  m_LocalScale: {x: 1, y: 1, z: 1}
  m_ConstrainProportionsScale: 0
  m_Children: []
  m_Father: {fileID: 893272365362428270}
  m_RootOrder: 0
  m_LocalEulerAnglesHint: {x: 0, y: 0, z: 0}
  m_AnchorMin: {x: 0, y: 0}
  m_AnchorMax: {x: 1, y: 1}
  m_AnchoredPosition: {x: 0, y: 0}
  m_SizeDelta: {x: 0, y: 0}
  m_Pivot: {x: 0, y: 1}
--- !u!114 &8108333568009013350
MonoBehaviour:
  m_ObjectHideFlags: 0
  m_CorrespondingSourceObject: {fileID: 0}
  m_PrefabInstance: {fileID: 0}
  m_PrefabAsset: {fileID: 0}
  m_GameObject: {fileID: 6376808541925139096}
  m_Enabled: 1
  m_EditorHideFlags: 0
  m_Script: {fileID: 11500000, guid: 59f8146938fff824cb5fd77236b75775, type: 3}
  m_Name: 
  m_EditorClassIdentifier: 
  m_Padding:
    m_Left: 5
    m_Right: 5
    m_Top: 5
    m_Bottom: 5
  m_ChildAlignment: 0
  m_Spacing: 5
  m_ChildForceExpandWidth: 1
  m_ChildForceExpandHeight: 1
  m_ChildControlWidth: 1
  m_ChildControlHeight: 1
  m_ChildScaleWidth: 0
  m_ChildScaleHeight: 0
  m_ReverseArrangement: 0
--- !u!1 &7156834315777220467
GameObject:
  m_ObjectHideFlags: 0
  m_CorrespondingSourceObject: {fileID: 0}
  m_PrefabInstance: {fileID: 0}
  m_PrefabAsset: {fileID: 0}
  serializedVersion: 6
  m_Component:
  - component: {fileID: 3306336233165161291}
  - component: {fileID: 4541635149801091087}
  - component: {fileID: 1527866050026373541}
  - component: {fileID: 996062012}
  m_Layer: 5
  m_Name: QuestionHeader
  m_TagString: Untagged
  m_Icon: {fileID: 0}
  m_NavMeshLayer: 0
  m_StaticEditorFlags: 0
  m_IsActive: 1
--- !u!224 &3306336233165161291
RectTransform:
  m_ObjectHideFlags: 0
  m_CorrespondingSourceObject: {fileID: 0}
  m_PrefabInstance: {fileID: 0}
  m_PrefabAsset: {fileID: 0}
  m_GameObject: {fileID: 7156834315777220467}
  m_LocalRotation: {x: 0, y: 0, z: 0, w: 1}
  m_LocalPosition: {x: 0, y: 0, z: 0}
  m_LocalScale: {x: 1, y: 1, z: 1}
  m_ConstrainProportionsScale: 0
  m_Children: []
  m_Father: {fileID: 4537511480559561324}
  m_RootOrder: 0
  m_LocalEulerAnglesHint: {x: 0, y: 0, z: 0}
  m_AnchorMin: {x: 0, y: 1}
  m_AnchorMax: {x: 1, y: 1}
  m_AnchoredPosition: {x: 0, y: 0}
  m_SizeDelta: {x: 0, y: 80}
  m_Pivot: {x: 0.5, y: 1}
--- !u!222 &4541635149801091087
CanvasRenderer:
  m_ObjectHideFlags: 0
  m_CorrespondingSourceObject: {fileID: 0}
  m_PrefabInstance: {fileID: 0}
  m_PrefabAsset: {fileID: 0}
  m_GameObject: {fileID: 7156834315777220467}
  m_CullTransparentMesh: 1
--- !u!114 &1527866050026373541
MonoBehaviour:
  m_ObjectHideFlags: 0
  m_CorrespondingSourceObject: {fileID: 0}
  m_PrefabInstance: {fileID: 0}
  m_PrefabAsset: {fileID: 0}
  m_GameObject: {fileID: 7156834315777220467}
  m_Enabled: 1
  m_EditorHideFlags: 0
  m_Script: {fileID: 11500000, guid: f4688fdb7df04437aeb418b961361dc5, type: 3}
  m_Name: 
  m_EditorClassIdentifier: 
  m_Material: {fileID: 0}
  m_Color: {r: 1, g: 1, b: 1, a: 1}
  m_RaycastTarget: 1
  m_RaycastPadding: {x: 0, y: 0, z: 0, w: 0}
  m_Maskable: 1
  m_OnCullStateChanged:
    m_PersistentCalls:
      m_Calls: []
  m_text: New Text
  m_isRightToLeft: 0
  m_fontAsset: {fileID: 11400000, guid: 15772b5be575e4ff1af863c4edbf6be8, type: 2}
  m_sharedMaterial: {fileID: -8088305349143585257, guid: 15772b5be575e4ff1af863c4edbf6be8,
    type: 2}
  m_fontSharedMaterials: []
  m_fontMaterial: {fileID: 0}
  m_fontMaterials: []
  m_fontColor32:
    serializedVersion: 2
    rgba: 4294967295
  m_fontColor: {r: 1, g: 1, b: 1, a: 1}
  m_enableVertexGradient: 0
  m_colorMode: 3
  m_fontColorGradient:
    topLeft: {r: 1, g: 1, b: 1, a: 1}
    topRight: {r: 1, g: 1, b: 1, a: 1}
    bottomLeft: {r: 1, g: 1, b: 1, a: 1}
    bottomRight: {r: 1, g: 1, b: 1, a: 1}
  m_fontColorGradientPreset: {fileID: 0}
  m_spriteAsset: {fileID: 0}
  m_tintAllSprites: 0
  m_StyleSheet: {fileID: 0}
  m_TextStyleHashCode: -1183493901
  m_overrideHtmlColors: 0
  m_faceColor:
    serializedVersion: 2
    rgba: 4294967295
  m_fontSize: 36
  m_fontSizeBase: 36
  m_fontWeight: 400
  m_enableAutoSizing: 0
  m_fontSizeMin: 18
  m_fontSizeMax: 72
  m_fontStyle: 0
  m_HorizontalAlignment: 1
  m_VerticalAlignment: 256
  m_textAlignment: 65535
  m_characterSpacing: 0
  m_wordSpacing: 0
  m_lineSpacing: 0
  m_lineSpacingMax: 0
  m_paragraphSpacing: 0
  m_charWidthMaxAdj: 0
  m_enableWordWrapping: 1
  m_wordWrappingRatios: 0.4
  m_overflowMode: 0
  m_linkedTextComponent: {fileID: 0}
  parentLinkedComponent: {fileID: 0}
  m_enableKerning: 1
  m_enableExtraPadding: 0
  checkPaddingRequired: 0
  m_isRichText: 1
  m_parseCtrlCharacters: 1
  m_isOrthographic: 1
  m_isCullingEnabled: 0
  m_horizontalMapping: 0
  m_verticalMapping: 0
  m_uvLineOffset: 0
  m_geometrySortingOrder: 0
  m_IsTextObjectScaleStatic: 0
  m_VertexBufferAutoSizeReduction: 0
  m_useMaxVisibleDescender: 1
  m_pageToDisplay: 1
  m_margin: {x: 0, y: 0, z: 0, w: 0}
  m_isUsingLegacyAnimationComponent: 0
  m_isVolumetricText: 0
  m_hasFontAssetChanged: 0
  m_baseMaterial: {fileID: 0}
  m_maskOffset: {x: 0, y: 0, z: 0, w: 0}
--- !u!114 &996062012
MonoBehaviour:
  m_ObjectHideFlags: 0
  m_CorrespondingSourceObject: {fileID: 0}
  m_PrefabInstance: {fileID: 0}
  m_PrefabAsset: {fileID: 0}
  m_GameObject: {fileID: 7156834315777220467}
  m_Enabled: 1
  m_EditorHideFlags: 0
  m_Script: {fileID: 11500000, guid: 4e77400396842354c9d4602e7fc42b41, type: 3}
  m_Name: 
  m_EditorClassIdentifier: 
  Table: Default
  Entry: DefaultString
  Text: {fileID: 1527866050026373541}
--- !u!1001 &231581280993044827
PrefabInstance:
  m_ObjectHideFlags: 0
  serializedVersion: 2
  m_Modification:
    m_TransformParent: {fileID: 1419385323616408448}
    m_Modifications:
    - target: {fileID: 1646960578958634777, guid: 1af127880545542b19673d1952427c75,
        type: 3}
      propertyPath: m_StringReference.m_TableEntryReference.m_KeyId
      value: 202120556544
      objectReference: {fileID: 0}
    - target: {fileID: 1646960578958634777, guid: 1af127880545542b19673d1952427c75,
        type: 3}
      propertyPath: m_StringReference.m_TableReference.m_TableCollectionName
      value: GUID:589c5866f0bbb7741bc8cea793c22b1c
      objectReference: {fileID: 0}
    - target: {fileID: 2250689199092786153, guid: 1af127880545542b19673d1952427c75,
        type: 3}
      propertyPath: m_text
      value: "\u041F\u043E\u0437\u0434\u0440\u0430\u0432\u043B\u044F\u0435\u043C!"
      objectReference: {fileID: 0}
    - target: {fileID: 2250689199092786153, guid: 1af127880545542b19673d1952427c75,
        type: 3}
      propertyPath: m_fontSize
      value: 72
      objectReference: {fileID: 0}
    - target: {fileID: 2250689199092786153, guid: 1af127880545542b19673d1952427c75,
        type: 3}
      propertyPath: m_fontSizeBase
      value: 72
      objectReference: {fileID: 0}
    - target: {fileID: 2250689199092786153, guid: 1af127880545542b19673d1952427c75,
        type: 3}
      propertyPath: m_sharedMaterial
      value: 
      objectReference: {fileID: -8088305349143585257, guid: 15772b5be575e4ff1af863c4edbf6be8,
        type: 2}
    - target: {fileID: 2250689199092786153, guid: 1af127880545542b19673d1952427c75,
        type: 3}
      propertyPath: m_VerticalAlignment
      value: 256
      objectReference: {fileID: 0}
    - target: {fileID: 2250689199092786153, guid: 1af127880545542b19673d1952427c75,
        type: 3}
      propertyPath: m_HorizontalAlignment
      value: 2
      objectReference: {fileID: 0}
    - target: {fileID: 2250689199092786153, guid: 1af127880545542b19673d1952427c75,
        type: 3}
      propertyPath: m_hasFontAssetChanged
      value: 0
      objectReference: {fileID: 0}
    - target: {fileID: 2623779899227147048, guid: 1af127880545542b19673d1952427c75,
        type: 3}
      propertyPath: m_Pivot.x
      value: 0.5
      objectReference: {fileID: 0}
    - target: {fileID: 2623779899227147048, guid: 1af127880545542b19673d1952427c75,
        type: 3}
      propertyPath: m_Pivot.y
      value: 1
      objectReference: {fileID: 0}
    - target: {fileID: 2623779899227147048, guid: 1af127880545542b19673d1952427c75,
        type: 3}
      propertyPath: m_RootOrder
      value: 0
      objectReference: {fileID: 0}
    - target: {fileID: 2623779899227147048, guid: 1af127880545542b19673d1952427c75,
        type: 3}
      propertyPath: m_AnchorMax.x
      value: 1
      objectReference: {fileID: 0}
    - target: {fileID: 2623779899227147048, guid: 1af127880545542b19673d1952427c75,
        type: 3}
      propertyPath: m_AnchorMax.y
      value: 1
      objectReference: {fileID: 0}
    - target: {fileID: 2623779899227147048, guid: 1af127880545542b19673d1952427c75,
        type: 3}
      propertyPath: m_AnchorMin.x
      value: 0
      objectReference: {fileID: 0}
    - target: {fileID: 2623779899227147048, guid: 1af127880545542b19673d1952427c75,
        type: 3}
      propertyPath: m_AnchorMin.y
      value: 1
      objectReference: {fileID: 0}
    - target: {fileID: 2623779899227147048, guid: 1af127880545542b19673d1952427c75,
        type: 3}
      propertyPath: m_SizeDelta.x
      value: 0
      objectReference: {fileID: 0}
    - target: {fileID: 2623779899227147048, guid: 1af127880545542b19673d1952427c75,
        type: 3}
      propertyPath: m_SizeDelta.y
      value: 80
      objectReference: {fileID: 0}
    - target: {fileID: 2623779899227147048, guid: 1af127880545542b19673d1952427c75,
        type: 3}
      propertyPath: m_LocalPosition.x
      value: 0
      objectReference: {fileID: 0}
    - target: {fileID: 2623779899227147048, guid: 1af127880545542b19673d1952427c75,
        type: 3}
      propertyPath: m_LocalPosition.y
      value: 0
      objectReference: {fileID: 0}
    - target: {fileID: 2623779899227147048, guid: 1af127880545542b19673d1952427c75,
        type: 3}
      propertyPath: m_LocalPosition.z
      value: 0
      objectReference: {fileID: 0}
    - target: {fileID: 2623779899227147048, guid: 1af127880545542b19673d1952427c75,
        type: 3}
      propertyPath: m_LocalRotation.w
      value: 1
      objectReference: {fileID: 0}
    - target: {fileID: 2623779899227147048, guid: 1af127880545542b19673d1952427c75,
        type: 3}
      propertyPath: m_LocalRotation.x
      value: -0
      objectReference: {fileID: 0}
    - target: {fileID: 2623779899227147048, guid: 1af127880545542b19673d1952427c75,
        type: 3}
      propertyPath: m_LocalRotation.y
      value: -0
      objectReference: {fileID: 0}
    - target: {fileID: 2623779899227147048, guid: 1af127880545542b19673d1952427c75,
        type: 3}
      propertyPath: m_LocalRotation.z
      value: -0
      objectReference: {fileID: 0}
    - target: {fileID: 2623779899227147048, guid: 1af127880545542b19673d1952427c75,
        type: 3}
      propertyPath: m_AnchoredPosition.x
      value: 0
      objectReference: {fileID: 0}
    - target: {fileID: 2623779899227147048, guid: 1af127880545542b19673d1952427c75,
        type: 3}
      propertyPath: m_AnchoredPosition.y
      value: 0
      objectReference: {fileID: 0}
    - target: {fileID: 2623779899227147048, guid: 1af127880545542b19673d1952427c75,
        type: 3}
      propertyPath: m_LocalEulerAnglesHint.x
      value: 0
      objectReference: {fileID: 0}
    - target: {fileID: 2623779899227147048, guid: 1af127880545542b19673d1952427c75,
        type: 3}
      propertyPath: m_LocalEulerAnglesHint.y
      value: 0
      objectReference: {fileID: 0}
    - target: {fileID: 2623779899227147048, guid: 1af127880545542b19673d1952427c75,
        type: 3}
      propertyPath: m_LocalEulerAnglesHint.z
      value: 0
      objectReference: {fileID: 0}
    - target: {fileID: 4063236670330492678, guid: 1af127880545542b19673d1952427c75,
        type: 3}
      propertyPath: m_Name
      value: TitleText
      objectReference: {fileID: 0}
    - target: {fileID: 4063236670330492678, guid: 1af127880545542b19673d1952427c75,
        type: 3}
      propertyPath: m_IsActive
      value: 1
      objectReference: {fileID: 0}
    - target: {fileID: 6865336827613887421, guid: 1af127880545542b19673d1952427c75,
        type: 3}
      propertyPath: Entry
      value: Quiz_Results_Title
      objectReference: {fileID: 0}
    - target: {fileID: 6865336827613887421, guid: 1af127880545542b19673d1952427c75,
        type: 3}
      propertyPath: Table
      value: QuizzesTable
      objectReference: {fileID: 0}
    m_RemovedComponents: []
  m_SourcePrefab: {fileID: 100100000, guid: 1af127880545542b19673d1952427c75, type: 3}
--- !u!224 &2837043568085230195 stripped
RectTransform:
  m_CorrespondingSourceObject: {fileID: 2623779899227147048, guid: 1af127880545542b19673d1952427c75,
    type: 3}
  m_PrefabInstance: {fileID: 231581280993044827}
  m_PrefabAsset: {fileID: 0}
--- !u!1001 &542226009529472258
PrefabInstance:
  m_ObjectHideFlags: 0
  serializedVersion: 2
  m_Modification:
    m_TransformParent: {fileID: 1179478393642589089}
    m_Modifications:
    - target: {fileID: 177390384059145994, guid: 049c5738c375c4254879ef88a48046aa,
        type: 3}
      propertyPath: Entry
      value: Quiz_Intro_Text
      objectReference: {fileID: 0}
    - target: {fileID: 177390384059145994, guid: 049c5738c375c4254879ef88a48046aa,
        type: 3}
      propertyPath: Table
      value: QuizzesTable
      objectReference: {fileID: 0}
    - target: {fileID: 2250689199092786153, guid: 049c5738c375c4254879ef88a48046aa,
        type: 3}
      propertyPath: m_text
      value: "\u041F\u0440\u043E\u0439\u0434\u0438 \u0432\u0438\u043A\u0442\u043E\u0440\u0438\u043D\u0443
        - \u043F\u0440\u043E\u0432\u0435\u0440\u044C \u0437\u043D\u0430\u043D\u0438\u044F"
      objectReference: {fileID: 0}
    - target: {fileID: 2250689199092786153, guid: 049c5738c375c4254879ef88a48046aa,
        type: 3}
      propertyPath: m_sharedMaterial
      value: 
      objectReference: {fileID: -8088305349143585257, guid: 15772b5be575e4ff1af863c4edbf6be8,
        type: 2}
    - target: {fileID: 2250689199092786153, guid: 049c5738c375c4254879ef88a48046aa,
        type: 3}
      propertyPath: m_fontColor32.rgba
      value: 4294967295
      objectReference: {fileID: 0}
    - target: {fileID: 2250689199092786153, guid: 049c5738c375c4254879ef88a48046aa,
        type: 3}
      propertyPath: m_VerticalAlignment
      value: 256
      objectReference: {fileID: 0}
    - target: {fileID: 2250689199092786153, guid: 049c5738c375c4254879ef88a48046aa,
        type: 3}
      propertyPath: m_hasFontAssetChanged
      value: 0
      objectReference: {fileID: 0}
    - target: {fileID: 2623779899227147048, guid: 049c5738c375c4254879ef88a48046aa,
        type: 3}
      propertyPath: m_Pivot.x
      value: 0.5
      objectReference: {fileID: 0}
    - target: {fileID: 2623779899227147048, guid: 049c5738c375c4254879ef88a48046aa,
        type: 3}
      propertyPath: m_Pivot.y
      value: 0.5
      objectReference: {fileID: 0}
    - target: {fileID: 2623779899227147048, guid: 049c5738c375c4254879ef88a48046aa,
        type: 3}
      propertyPath: m_RootOrder
      value: 1
      objectReference: {fileID: 0}
    - target: {fileID: 2623779899227147048, guid: 049c5738c375c4254879ef88a48046aa,
        type: 3}
      propertyPath: m_AnchorMax.x
      value: 0
      objectReference: {fileID: 0}
    - target: {fileID: 2623779899227147048, guid: 049c5738c375c4254879ef88a48046aa,
        type: 3}
      propertyPath: m_AnchorMax.y
      value: 1
      objectReference: {fileID: 0}
    - target: {fileID: 2623779899227147048, guid: 049c5738c375c4254879ef88a48046aa,
        type: 3}
      propertyPath: m_AnchorMin.x
      value: 0
      objectReference: {fileID: 0}
    - target: {fileID: 2623779899227147048, guid: 049c5738c375c4254879ef88a48046aa,
        type: 3}
      propertyPath: m_AnchorMin.y
      value: 1
      objectReference: {fileID: 0}
    - target: {fileID: 2623779899227147048, guid: 049c5738c375c4254879ef88a48046aa,
        type: 3}
      propertyPath: m_SizeDelta.x
      value: 784.0349
      objectReference: {fileID: 0}
    - target: {fileID: 2623779899227147048, guid: 049c5738c375c4254879ef88a48046aa,
        type: 3}
      propertyPath: m_SizeDelta.y
      value: 108.4
      objectReference: {fileID: 0}
    - target: {fileID: 2623779899227147048, guid: 049c5738c375c4254879ef88a48046aa,
        type: 3}
      propertyPath: m_LocalPosition.x
      value: 0
      objectReference: {fileID: 0}
    - target: {fileID: 2623779899227147048, guid: 049c5738c375c4254879ef88a48046aa,
        type: 3}
      propertyPath: m_LocalPosition.y
      value: 0
      objectReference: {fileID: 0}
    - target: {fileID: 2623779899227147048, guid: 049c5738c375c4254879ef88a48046aa,
        type: 3}
      propertyPath: m_LocalPosition.z
      value: 0
      objectReference: {fileID: 0}
    - target: {fileID: 2623779899227147048, guid: 049c5738c375c4254879ef88a48046aa,
        type: 3}
      propertyPath: m_LocalRotation.w
      value: 1
      objectReference: {fileID: 0}
    - target: {fileID: 2623779899227147048, guid: 049c5738c375c4254879ef88a48046aa,
        type: 3}
      propertyPath: m_LocalRotation.x
      value: -0
      objectReference: {fileID: 0}
    - target: {fileID: 2623779899227147048, guid: 049c5738c375c4254879ef88a48046aa,
        type: 3}
      propertyPath: m_LocalRotation.y
      value: -0
      objectReference: {fileID: 0}
    - target: {fileID: 2623779899227147048, guid: 049c5738c375c4254879ef88a48046aa,
        type: 3}
      propertyPath: m_LocalRotation.z
      value: -0
      objectReference: {fileID: 0}
    - target: {fileID: 2623779899227147048, guid: 049c5738c375c4254879ef88a48046aa,
        type: 3}
      propertyPath: m_AnchoredPosition.x
      value: 392.01746
      objectReference: {fileID: 0}
    - target: {fileID: 2623779899227147048, guid: 049c5738c375c4254879ef88a48046aa,
        type: 3}
      propertyPath: m_AnchoredPosition.y
      value: -205.39
      objectReference: {fileID: 0}
    - target: {fileID: 2623779899227147048, guid: 049c5738c375c4254879ef88a48046aa,
        type: 3}
      propertyPath: m_LocalEulerAnglesHint.x
      value: 0
      objectReference: {fileID: 0}
    - target: {fileID: 2623779899227147048, guid: 049c5738c375c4254879ef88a48046aa,
        type: 3}
      propertyPath: m_LocalEulerAnglesHint.y
      value: 0
      objectReference: {fileID: 0}
    - target: {fileID: 2623779899227147048, guid: 049c5738c375c4254879ef88a48046aa,
        type: 3}
      propertyPath: m_LocalEulerAnglesHint.z
      value: 0
      objectReference: {fileID: 0}
    - target: {fileID: 4063236670330492678, guid: 049c5738c375c4254879ef88a48046aa,
        type: 3}
      propertyPath: m_Name
      value: MainText
      objectReference: {fileID: 0}
    - target: {fileID: 4486757765911677520, guid: 049c5738c375c4254879ef88a48046aa,
        type: 3}
      propertyPath: m_StringReference.m_TableEntryReference.m_KeyId
      value: 103168536576
      objectReference: {fileID: 0}
    - target: {fileID: 4486757765911677520, guid: 049c5738c375c4254879ef88a48046aa,
        type: 3}
      propertyPath: m_StringReference.m_TableReference.m_TableCollectionName
      value: GUID:589c5866f0bbb7741bc8cea793c22b1c
      objectReference: {fileID: 0}
    m_RemovedComponents: []
  m_SourcePrefab: {fileID: 100100000, guid: 049c5738c375c4254879ef88a48046aa, type: 3}
--- !u!224 &2589523900249792042 stripped
RectTransform:
  m_CorrespondingSourceObject: {fileID: 2623779899227147048, guid: 049c5738c375c4254879ef88a48046aa,
    type: 3}
  m_PrefabInstance: {fileID: 542226009529472258}
  m_PrefabAsset: {fileID: 0}
--- !u!1001 &4567560834744758204
PrefabInstance:
  m_ObjectHideFlags: 0
  serializedVersion: 2
  m_Modification:
    m_TransformParent: {fileID: 1179478393642589089}
    m_Modifications:
    - target: {fileID: 1646960578958634777, guid: 1af127880545542b19673d1952427c75,
        type: 3}
      propertyPath: m_StringReference.m_WaitForCompletion
      value: 0
      objectReference: {fileID: 0}
    - target: {fileID: 1646960578958634777, guid: 1af127880545542b19673d1952427c75,
        type: 3}
      propertyPath: m_StringReference.m_TableEntryReference.m_KeyId
      value: 25984954368
      objectReference: {fileID: 0}
    - target: {fileID: 1646960578958634777, guid: 1af127880545542b19673d1952427c75,
        type: 3}
      propertyPath: m_StringReference.m_TableReference.m_TableCollectionName
      value: GUID:589c5866f0bbb7741bc8cea793c22b1c
      objectReference: {fileID: 0}
    - target: {fileID: 2250689199092786153, guid: 1af127880545542b19673d1952427c75,
        type: 3}
      propertyPath: m_text
      value: "\u0414\u043E\u0431\u0440\u043E \u043F\u043E\u0436\u0430\u043B\u043E\u0432\u0430\u0442\u044C"
      objectReference: {fileID: 0}
    - target: {fileID: 2250689199092786153, guid: 1af127880545542b19673d1952427c75,
        type: 3}
      propertyPath: m_fontSize
      value: 72
      objectReference: {fileID: 0}
    - target: {fileID: 2250689199092786153, guid: 1af127880545542b19673d1952427c75,
        type: 3}
      propertyPath: m_fontStyle
      value: 0
      objectReference: {fileID: 0}
    - target: {fileID: 2250689199092786153, guid: 1af127880545542b19673d1952427c75,
        type: 3}
      propertyPath: m_fontSizeBase
      value: 72
      objectReference: {fileID: 0}
    - target: {fileID: 2250689199092786153, guid: 1af127880545542b19673d1952427c75,
        type: 3}
      propertyPath: m_isRightToLeft
      value: 0
      objectReference: {fileID: 0}
    - target: {fileID: 2250689199092786153, guid: 1af127880545542b19673d1952427c75,
        type: 3}
      propertyPath: m_sharedMaterial
      value: 
      objectReference: {fileID: -8088305349143585257, guid: 15772b5be575e4ff1af863c4edbf6be8,
        type: 2}
    - target: {fileID: 2250689199092786153, guid: 1af127880545542b19673d1952427c75,
        type: 3}
      propertyPath: m_fontColor32.rgba
      value: 4294967295
      objectReference: {fileID: 0}
    - target: {fileID: 2250689199092786153, guid: 1af127880545542b19673d1952427c75,
        type: 3}
      propertyPath: m_VerticalAlignment
      value: 256
      objectReference: {fileID: 0}
    - target: {fileID: 2250689199092786153, guid: 1af127880545542b19673d1952427c75,
        type: 3}
      propertyPath: m_HorizontalAlignment
      value: 2
      objectReference: {fileID: 0}
    - target: {fileID: 2250689199092786153, guid: 1af127880545542b19673d1952427c75,
        type: 3}
      propertyPath: m_hasFontAssetChanged
      value: 0
      objectReference: {fileID: 0}
    - target: {fileID: 2623779899227147048, guid: 1af127880545542b19673d1952427c75,
        type: 3}
      propertyPath: m_Pivot.x
      value: 0.5
      objectReference: {fileID: 0}
    - target: {fileID: 2623779899227147048, guid: 1af127880545542b19673d1952427c75,
        type: 3}
      propertyPath: m_Pivot.y
      value: 1
      objectReference: {fileID: 0}
    - target: {fileID: 2623779899227147048, guid: 1af127880545542b19673d1952427c75,
        type: 3}
      propertyPath: m_RootOrder
      value: 0
      objectReference: {fileID: 0}
    - target: {fileID: 2623779899227147048, guid: 1af127880545542b19673d1952427c75,
        type: 3}
      propertyPath: m_AnchorMax.x
      value: 0
      objectReference: {fileID: 0}
    - target: {fileID: 2623779899227147048, guid: 1af127880545542b19673d1952427c75,
        type: 3}
      propertyPath: m_AnchorMax.y
      value: 1
      objectReference: {fileID: 0}
    - target: {fileID: 2623779899227147048, guid: 1af127880545542b19673d1952427c75,
        type: 3}
      propertyPath: m_AnchorMin.x
      value: 0
      objectReference: {fileID: 0}
    - target: {fileID: 2623779899227147048, guid: 1af127880545542b19673d1952427c75,
        type: 3}
      propertyPath: m_AnchorMin.y
      value: 1
      objectReference: {fileID: 0}
    - target: {fileID: 2623779899227147048, guid: 1af127880545542b19673d1952427c75,
        type: 3}
      propertyPath: m_SizeDelta.x
      value: 784.0349
      objectReference: {fileID: 0}
    - target: {fileID: 2623779899227147048, guid: 1af127880545542b19673d1952427c75,
        type: 3}
      propertyPath: m_SizeDelta.y
      value: 76.19
      objectReference: {fileID: 0}
    - target: {fileID: 2623779899227147048, guid: 1af127880545542b19673d1952427c75,
        type: 3}
      propertyPath: m_LocalPosition.x
      value: 0
      objectReference: {fileID: 0}
    - target: {fileID: 2623779899227147048, guid: 1af127880545542b19673d1952427c75,
        type: 3}
      propertyPath: m_LocalPosition.y
      value: 0
      objectReference: {fileID: 0}
    - target: {fileID: 2623779899227147048, guid: 1af127880545542b19673d1952427c75,
        type: 3}
      propertyPath: m_LocalPosition.z
      value: 0
      objectReference: {fileID: 0}
    - target: {fileID: 2623779899227147048, guid: 1af127880545542b19673d1952427c75,
        type: 3}
      propertyPath: m_LocalRotation.w
      value: 1
      objectReference: {fileID: 0}
    - target: {fileID: 2623779899227147048, guid: 1af127880545542b19673d1952427c75,
        type: 3}
      propertyPath: m_LocalRotation.x
      value: -0
      objectReference: {fileID: 0}
    - target: {fileID: 2623779899227147048, guid: 1af127880545542b19673d1952427c75,
        type: 3}
      propertyPath: m_LocalRotation.y
      value: -0
      objectReference: {fileID: 0}
    - target: {fileID: 2623779899227147048, guid: 1af127880545542b19673d1952427c75,
        type: 3}
      propertyPath: m_LocalRotation.z
      value: -0
      objectReference: {fileID: 0}
    - target: {fileID: 2623779899227147048, guid: 1af127880545542b19673d1952427c75,
        type: 3}
      propertyPath: m_AnchoredPosition.x
      value: 392.01746
      objectReference: {fileID: 0}
    - target: {fileID: 2623779899227147048, guid: 1af127880545542b19673d1952427c75,
        type: 3}
      propertyPath: m_AnchoredPosition.y
      value: 0
      objectReference: {fileID: 0}
    - target: {fileID: 2623779899227147048, guid: 1af127880545542b19673d1952427c75,
        type: 3}
      propertyPath: m_LocalEulerAnglesHint.x
      value: 0
      objectReference: {fileID: 0}
    - target: {fileID: 2623779899227147048, guid: 1af127880545542b19673d1952427c75,
        type: 3}
      propertyPath: m_LocalEulerAnglesHint.y
      value: 0
      objectReference: {fileID: 0}
    - target: {fileID: 2623779899227147048, guid: 1af127880545542b19673d1952427c75,
        type: 3}
      propertyPath: m_LocalEulerAnglesHint.z
      value: 0
      objectReference: {fileID: 0}
    - target: {fileID: 4063236670330492678, guid: 1af127880545542b19673d1952427c75,
        type: 3}
      propertyPath: m_Name
      value: TitleText
      objectReference: {fileID: 0}
    - target: {fileID: 4063236670330492678, guid: 1af127880545542b19673d1952427c75,
        type: 3}
      propertyPath: m_IsActive
      value: 1
      objectReference: {fileID: 0}
    - target: {fileID: 6865336827613887421, guid: 1af127880545542b19673d1952427c75,
        type: 3}
      propertyPath: Entry
      value: Quiz_Intro_Title
      objectReference: {fileID: 0}
    - target: {fileID: 6865336827613887421, guid: 1af127880545542b19673d1952427c75,
        type: 3}
      propertyPath: Table
      value: QuizzesTable
      objectReference: {fileID: 0}
    m_RemovedComponents: []
  m_SourcePrefab: {fileID: 100100000, guid: 1af127880545542b19673d1952427c75, type: 3}
--- !u!224 &1948569400261747860 stripped
RectTransform:
  m_CorrespondingSourceObject: {fileID: 2623779899227147048, guid: 1af127880545542b19673d1952427c75,
    type: 3}
  m_PrefabInstance: {fileID: 4567560834744758204}
  m_PrefabAsset: {fileID: 0}
--- !u!1001 &5419758039036617073
PrefabInstance:
  m_ObjectHideFlags: 0
  serializedVersion: 2
  m_Modification:
    m_TransformParent: {fileID: 1419385323616408448}
    m_Modifications:
    - target: {fileID: 177390384059145994, guid: 049c5738c375c4254879ef88a48046aa,
        type: 3}
      propertyPath: Entry
      value: Quiz_Results_Text
      objectReference: {fileID: 0}
    - target: {fileID: 177390384059145994, guid: 049c5738c375c4254879ef88a48046aa,
        type: 3}
      propertyPath: Table
      value: QuizzesTable
      objectReference: {fileID: 0}
    - target: {fileID: 2250689199092786153, guid: 049c5738c375c4254879ef88a48046aa,
        type: 3}
      propertyPath: m_text
      value: "\u0422\u0432\u043E\u0439 \u0440\u0435\u0437\u0443\u043B\u044C\u0442\u0430\u0442:"
      objectReference: {fileID: 0}
    - target: {fileID: 2250689199092786153, guid: 049c5738c375c4254879ef88a48046aa,
        type: 3}
      propertyPath: m_sharedMaterial
      value: 
      objectReference: {fileID: -8088305349143585257, guid: 15772b5be575e4ff1af863c4edbf6be8,
        type: 2}
    - target: {fileID: 2250689199092786153, guid: 049c5738c375c4254879ef88a48046aa,
        type: 3}
      propertyPath: m_VerticalAlignment
      value: 256
      objectReference: {fileID: 0}
    - target: {fileID: 2250689199092786153, guid: 049c5738c375c4254879ef88a48046aa,
        type: 3}
      propertyPath: m_hasFontAssetChanged
      value: 0
      objectReference: {fileID: 0}
    - target: {fileID: 2623779899227147048, guid: 049c5738c375c4254879ef88a48046aa,
        type: 3}
      propertyPath: m_Pivot.x
      value: 0.5
      objectReference: {fileID: 0}
    - target: {fileID: 2623779899227147048, guid: 049c5738c375c4254879ef88a48046aa,
        type: 3}
      propertyPath: m_Pivot.y
      value: 1
      objectReference: {fileID: 0}
    - target: {fileID: 2623779899227147048, guid: 049c5738c375c4254879ef88a48046aa,
        type: 3}
      propertyPath: m_RootOrder
      value: 1
      objectReference: {fileID: 0}
    - target: {fileID: 2623779899227147048, guid: 049c5738c375c4254879ef88a48046aa,
        type: 3}
      propertyPath: m_AnchorMax.x
      value: 1
      objectReference: {fileID: 0}
    - target: {fileID: 2623779899227147048, guid: 049c5738c375c4254879ef88a48046aa,
        type: 3}
      propertyPath: m_AnchorMax.y
      value: 1
      objectReference: {fileID: 0}
    - target: {fileID: 2623779899227147048, guid: 049c5738c375c4254879ef88a48046aa,
        type: 3}
      propertyPath: m_AnchorMin.x
      value: 0
      objectReference: {fileID: 0}
    - target: {fileID: 2623779899227147048, guid: 049c5738c375c4254879ef88a48046aa,
        type: 3}
      propertyPath: m_AnchorMin.y
      value: 1
      objectReference: {fileID: 0}
    - target: {fileID: 2623779899227147048, guid: 049c5738c375c4254879ef88a48046aa,
        type: 3}
      propertyPath: m_SizeDelta.x
      value: 0
      objectReference: {fileID: 0}
    - target: {fileID: 2623779899227147048, guid: 049c5738c375c4254879ef88a48046aa,
        type: 3}
      propertyPath: m_SizeDelta.y
      value: 60
      objectReference: {fileID: 0}
    - target: {fileID: 2623779899227147048, guid: 049c5738c375c4254879ef88a48046aa,
        type: 3}
      propertyPath: m_LocalPosition.x
      value: 0
      objectReference: {fileID: 0}
    - target: {fileID: 2623779899227147048, guid: 049c5738c375c4254879ef88a48046aa,
        type: 3}
      propertyPath: m_LocalPosition.y
      value: 0
      objectReference: {fileID: 0}
    - target: {fileID: 2623779899227147048, guid: 049c5738c375c4254879ef88a48046aa,
        type: 3}
      propertyPath: m_LocalPosition.z
      value: 0
      objectReference: {fileID: 0}
    - target: {fileID: 2623779899227147048, guid: 049c5738c375c4254879ef88a48046aa,
        type: 3}
      propertyPath: m_LocalRotation.w
      value: 1
      objectReference: {fileID: 0}
    - target: {fileID: 2623779899227147048, guid: 049c5738c375c4254879ef88a48046aa,
        type: 3}
      propertyPath: m_LocalRotation.x
      value: -0
      objectReference: {fileID: 0}
    - target: {fileID: 2623779899227147048, guid: 049c5738c375c4254879ef88a48046aa,
        type: 3}
      propertyPath: m_LocalRotation.y
      value: -0
      objectReference: {fileID: 0}
    - target: {fileID: 2623779899227147048, guid: 049c5738c375c4254879ef88a48046aa,
        type: 3}
      propertyPath: m_LocalRotation.z
      value: -0
      objectReference: {fileID: 0}
    - target: {fileID: 2623779899227147048, guid: 049c5738c375c4254879ef88a48046aa,
        type: 3}
      propertyPath: m_AnchoredPosition.x
      value: 0
      objectReference: {fileID: 0}
    - target: {fileID: 2623779899227147048, guid: 049c5738c375c4254879ef88a48046aa,
        type: 3}
      propertyPath: m_AnchoredPosition.y
      value: -80
      objectReference: {fileID: 0}
    - target: {fileID: 2623779899227147048, guid: 049c5738c375c4254879ef88a48046aa,
        type: 3}
      propertyPath: m_LocalEulerAnglesHint.x
      value: 0
      objectReference: {fileID: 0}
    - target: {fileID: 2623779899227147048, guid: 049c5738c375c4254879ef88a48046aa,
        type: 3}
      propertyPath: m_LocalEulerAnglesHint.y
      value: 0
      objectReference: {fileID: 0}
    - target: {fileID: 2623779899227147048, guid: 049c5738c375c4254879ef88a48046aa,
        type: 3}
      propertyPath: m_LocalEulerAnglesHint.z
      value: 0
      objectReference: {fileID: 0}
    - target: {fileID: 4063236670330492678, guid: 049c5738c375c4254879ef88a48046aa,
        type: 3}
      propertyPath: m_Name
      value: MainText
      objectReference: {fileID: 0}
    - target: {fileID: 4486757765911677520, guid: 049c5738c375c4254879ef88a48046aa,
        type: 3}
      propertyPath: m_StringReference.m_TableEntryReference.m_KeyId
      value: 712491855872
      objectReference: {fileID: 0}
    - target: {fileID: 4486757765911677520, guid: 049c5738c375c4254879ef88a48046aa,
        type: 3}
      propertyPath: m_StringReference.m_TableReference.m_TableCollectionName
      value: GUID:589c5866f0bbb7741bc8cea793c22b1c
      objectReference: {fileID: 0}
    m_RemovedComponents: []
  m_SourcePrefab: {fileID: 100100000, guid: 049c5738c375c4254879ef88a48046aa, type: 3}
--- !u!224 &8025221924196379225 stripped
RectTransform:
  m_CorrespondingSourceObject: {fileID: 2623779899227147048, guid: 049c5738c375c4254879ef88a48046aa,
    type: 3}
  m_PrefabInstance: {fileID: 5419758039036617073}
  m_PrefabAsset: {fileID: 0}
--- !u!1001 &8891594106829762560
PrefabInstance:
  m_ObjectHideFlags: 0
  serializedVersion: 2
  m_Modification:
    m_TransformParent: {fileID: 1419385323616408448}
    m_Modifications:
    - target: {fileID: 177390384059145994, guid: 049c5738c375c4254879ef88a48046aa,
        type: 3}
      propertyPath: m_Enabled
      value: 0
      objectReference: {fileID: 0}
    - target: {fileID: 2250689199092786153, guid: 049c5738c375c4254879ef88a48046aa,
        type: 3}
      propertyPath: m_text
      value: 
      objectReference: {fileID: 0}
    - target: {fileID: 2250689199092786153, guid: 049c5738c375c4254879ef88a48046aa,
        type: 3}
      propertyPath: m_sharedMaterial
      value: 
      objectReference: {fileID: -8088305349143585257, guid: 15772b5be575e4ff1af863c4edbf6be8,
        type: 2}
    - target: {fileID: 2250689199092786153, guid: 049c5738c375c4254879ef88a48046aa,
        type: 3}
      propertyPath: m_VerticalAlignment
      value: 256
      objectReference: {fileID: 0}
    - target: {fileID: 2250689199092786153, guid: 049c5738c375c4254879ef88a48046aa,
        type: 3}
      propertyPath: m_hasFontAssetChanged
      value: 0
      objectReference: {fileID: 0}
    - target: {fileID: 2623779899227147048, guid: 049c5738c375c4254879ef88a48046aa,
        type: 3}
      propertyPath: m_Pivot.x
      value: 0.5
      objectReference: {fileID: 0}
    - target: {fileID: 2623779899227147048, guid: 049c5738c375c4254879ef88a48046aa,
        type: 3}
      propertyPath: m_Pivot.y
      value: 1
      objectReference: {fileID: 0}
    - target: {fileID: 2623779899227147048, guid: 049c5738c375c4254879ef88a48046aa,
        type: 3}
      propertyPath: m_RootOrder
      value: 2
      objectReference: {fileID: 0}
    - target: {fileID: 2623779899227147048, guid: 049c5738c375c4254879ef88a48046aa,
        type: 3}
      propertyPath: m_AnchorMax.x
      value: 1
      objectReference: {fileID: 0}
    - target: {fileID: 2623779899227147048, guid: 049c5738c375c4254879ef88a48046aa,
        type: 3}
      propertyPath: m_AnchorMax.y
      value: 1
      objectReference: {fileID: 0}
    - target: {fileID: 2623779899227147048, guid: 049c5738c375c4254879ef88a48046aa,
        type: 3}
      propertyPath: m_AnchorMin.x
      value: 0
      objectReference: {fileID: 0}
    - target: {fileID: 2623779899227147048, guid: 049c5738c375c4254879ef88a48046aa,
        type: 3}
      propertyPath: m_AnchorMin.y
      value: 1
      objectReference: {fileID: 0}
    - target: {fileID: 2623779899227147048, guid: 049c5738c375c4254879ef88a48046aa,
        type: 3}
      propertyPath: m_SizeDelta.x
      value: 0
      objectReference: {fileID: 0}
    - target: {fileID: 2623779899227147048, guid: 049c5738c375c4254879ef88a48046aa,
        type: 3}
      propertyPath: m_SizeDelta.y
      value: 60
      objectReference: {fileID: 0}
    - target: {fileID: 2623779899227147048, guid: 049c5738c375c4254879ef88a48046aa,
        type: 3}
      propertyPath: m_LocalPosition.x
      value: 0
      objectReference: {fileID: 0}
    - target: {fileID: 2623779899227147048, guid: 049c5738c375c4254879ef88a48046aa,
        type: 3}
      propertyPath: m_LocalPosition.y
      value: 0
      objectReference: {fileID: 0}
    - target: {fileID: 2623779899227147048, guid: 049c5738c375c4254879ef88a48046aa,
        type: 3}
      propertyPath: m_LocalPosition.z
      value: 0
      objectReference: {fileID: 0}
    - target: {fileID: 2623779899227147048, guid: 049c5738c375c4254879ef88a48046aa,
        type: 3}
      propertyPath: m_LocalRotation.w
      value: 1
      objectReference: {fileID: 0}
    - target: {fileID: 2623779899227147048, guid: 049c5738c375c4254879ef88a48046aa,
        type: 3}
      propertyPath: m_LocalRotation.x
      value: -0
      objectReference: {fileID: 0}
    - target: {fileID: 2623779899227147048, guid: 049c5738c375c4254879ef88a48046aa,
        type: 3}
      propertyPath: m_LocalRotation.y
      value: -0
      objectReference: {fileID: 0}
    - target: {fileID: 2623779899227147048, guid: 049c5738c375c4254879ef88a48046aa,
        type: 3}
      propertyPath: m_LocalRotation.z
      value: -0
      objectReference: {fileID: 0}
    - target: {fileID: 2623779899227147048, guid: 049c5738c375c4254879ef88a48046aa,
        type: 3}
      propertyPath: m_AnchoredPosition.x
      value: 0
      objectReference: {fileID: 0}
    - target: {fileID: 2623779899227147048, guid: 049c5738c375c4254879ef88a48046aa,
        type: 3}
      propertyPath: m_AnchoredPosition.y
      value: -140
      objectReference: {fileID: 0}
    - target: {fileID: 2623779899227147048, guid: 049c5738c375c4254879ef88a48046aa,
        type: 3}
      propertyPath: m_LocalEulerAnglesHint.x
      value: 0
      objectReference: {fileID: 0}
    - target: {fileID: 2623779899227147048, guid: 049c5738c375c4254879ef88a48046aa,
        type: 3}
      propertyPath: m_LocalEulerAnglesHint.y
      value: 0
      objectReference: {fileID: 0}
    - target: {fileID: 2623779899227147048, guid: 049c5738c375c4254879ef88a48046aa,
        type: 3}
      propertyPath: m_LocalEulerAnglesHint.z
      value: 0
      objectReference: {fileID: 0}
    - target: {fileID: 4063236670330492678, guid: 049c5738c375c4254879ef88a48046aa,
        type: 3}
      propertyPath: m_Name
      value: ResultsText
      objectReference: {fileID: 0}
    m_RemovedComponents: []
  m_SourcePrefab: {fileID: 100100000, guid: 049c5738c375c4254879ef88a48046aa, type: 3}
--- !u!224 &6849060590648163112 stripped
RectTransform:
  m_CorrespondingSourceObject: {fileID: 2623779899227147048, guid: 049c5738c375c4254879ef88a48046aa,
    type: 3}
  m_PrefabInstance: {fileID: 8891594106829762560}
  m_PrefabAsset: {fileID: 0}
--- !u!114 &7230885846754300905 stripped
MonoBehaviour:
  m_CorrespondingSourceObject: {fileID: 2250689199092786153, guid: 049c5738c375c4254879ef88a48046aa,
    type: 3}
  m_PrefabInstance: {fileID: 8891594106829762560}
  m_PrefabAsset: {fileID: 0}
  m_GameObject: {fileID: 0}
  m_Enabled: 1
  m_EditorHideFlags: 0
  m_Script: {fileID: 11500000, guid: f4688fdb7df04437aeb418b961361dc5, type: 3}
  m_Name: 
  m_EditorClassIdentifier: 
