%YAML 1.1
%TAG !u! tag:unity3d.com,2011:
--- !u!1 &154465771488535091
GameObject:
  m_ObjectHideFlags: 0
  m_CorrespondingSourceObject: {fileID: 0}
  m_PrefabInstance: {fileID: 0}
  m_PrefabAsset: {fileID: 0}
  serializedVersion: 6
  m_Component:
  - component: {fileID: 6266317702790983915}
  - component: {fileID: 3474418335765063518}
  - component: {fileID: 1550513691483960271}
  - component: {fileID: 112854453}
  m_Layer: 5
  m_Name: TaskLabel
  m_TagString: Untagged
  m_Icon: {fileID: 0}
  m_NavMeshLayer: 0
  m_StaticEditorFlags: 0
  m_IsActive: 1
--- !u!224 &6266317702790983915
RectTransform:
  m_ObjectHideFlags: 0
  m_CorrespondingSourceObject: {fileID: 0}
  m_PrefabInstance: {fileID: 0}
  m_PrefabAsset: {fileID: 0}
  m_GameObject: {fileID: 154465771488535091}
  m_LocalRotation: {x: -0, y: -0, z: -0, w: 1}
  m_LocalPosition: {x: 0, y: 0, z: 0}
  m_LocalScale: {x: 1, y: 1, z: 1}
  m_ConstrainProportionsScale: 0
  m_Children: []
  m_Father: {fileID: 5115386864935740474}
  m_LocalEulerAnglesHint: {x: 0, y: 0, z: 0}
  m_AnchorMin: {x: 0.36900002, y: 1}
  m_AnchorMax: {x: 0.6796042, y: 1}
  m_AnchoredPosition: {x: -209, y: -50}
  m_SizeDelta: {x: 343.8395, y: 206.578}
  m_Pivot: {x: 0, y: 1}
--- !u!222 &3474418335765063518
CanvasRenderer:
  m_ObjectHideFlags: 0
  m_CorrespondingSourceObject: {fileID: 0}
  m_PrefabInstance: {fileID: 0}
  m_PrefabAsset: {fileID: 0}
  m_GameObject: {fileID: 154465771488535091}
  m_CullTransparentMesh: 1
--- !u!114 &1550513691483960271
MonoBehaviour:
  m_ObjectHideFlags: 0
  m_CorrespondingSourceObject: {fileID: 0}
  m_PrefabInstance: {fileID: 0}
  m_PrefabAsset: {fileID: 0}
  m_GameObject: {fileID: 154465771488535091}
  m_Enabled: 1
  m_EditorHideFlags: 0
  m_Script: {fileID: 11500000, guid: f4688fdb7df04437aeb418b961361dc5, type: 3}
  m_Name: 
  m_EditorClassIdentifier: 
  m_Material: {fileID: 0}
  m_Color: {r: 1, g: 1, b: 1, a: 1}
  m_RaycastTarget: 1
  m_RaycastPadding: {x: 0, y: 0, z: 0, w: 0}
  m_Maskable: 1
  m_OnCullStateChanged:
    m_PersistentCalls:
      m_Calls: []
  m_text: Task
  m_isRightToLeft: 0
  m_fontAsset: {fileID: 11400000, guid: 15772b5be575e4ff1af863c4edbf6be8, type: 2}
  m_sharedMaterial: {fileID: -8088305349143585257, guid: 15772b5be575e4ff1af863c4edbf6be8,
    type: 2}
  m_fontSharedMaterials: []
  m_fontMaterial: {fileID: 0}
  m_fontMaterials: []
  m_fontColor32:
    serializedVersion: 2
    rgba: 4280907519
  m_fontColor: {r: 1, g: 0.4627451, b: 0.16078432, a: 1}
  m_enableVertexGradient: 0
  m_colorMode: 3
  m_fontColorGradient:
    topLeft: {r: 1, g: 1, b: 1, a: 1}
    topRight: {r: 1, g: 1, b: 1, a: 1}
    bottomLeft: {r: 1, g: 1, b: 1, a: 1}
    bottomRight: {r: 1, g: 1, b: 1, a: 1}
  m_fontColorGradientPreset: {fileID: 0}
  m_spriteAsset: {fileID: 0}
  m_tintAllSprites: 0
  m_StyleSheet: {fileID: 0}
  m_TextStyleHashCode: -1183493901
  m_overrideHtmlColors: 0
  m_faceColor:
    serializedVersion: 2
    rgba: 4294967295
  m_fontSize: 45
  m_fontSizeBase: 45
  m_fontWeight: 400
  m_enableAutoSizing: 0
  m_fontSizeMin: 18
  m_fontSizeMax: 72
  m_fontStyle: 0
  m_HorizontalAlignment: 1
  m_VerticalAlignment: 256
  m_textAlignment: 65535
  m_characterSpacing: 0
  m_wordSpacing: 0
  m_lineSpacing: 0
  m_lineSpacingMax: 0
  m_paragraphSpacing: 0
  m_charWidthMaxAdj: 0
  m_enableWordWrapping: 1
  m_wordWrappingRatios: 0.4
  m_overflowMode: 0
  m_linkedTextComponent: {fileID: 0}
  parentLinkedComponent: {fileID: 0}
  m_enableKerning: 1
  m_enableExtraPadding: 0
  checkPaddingRequired: 0
  m_isRichText: 1
  m_parseCtrlCharacters: 1
  m_isOrthographic: 1
  m_isCullingEnabled: 0
  m_horizontalMapping: 0
  m_verticalMapping: 0
  m_uvLineOffset: 0
  m_geometrySortingOrder: 0
  m_IsTextObjectScaleStatic: 0
  m_VertexBufferAutoSizeReduction: 0
  m_useMaxVisibleDescender: 1
  m_pageToDisplay: 1
  m_margin: {x: 0, y: 0, z: 0, w: 0}
  m_isUsingLegacyAnimationComponent: 0
  m_isVolumetricText: 0
  m_hasFontAssetChanged: 0
  m_baseMaterial: {fileID: 0}
  m_maskOffset: {x: 0, y: 0, z: 0, w: 0}
--- !u!114 &112854453
MonoBehaviour:
  m_ObjectHideFlags: 0
  m_CorrespondingSourceObject: {fileID: 0}
  m_PrefabInstance: {fileID: 0}
  m_PrefabAsset: {fileID: 0}
  m_GameObject: {fileID: 154465771488535091}
  m_Enabled: 1
  m_EditorHideFlags: 0
  m_Script: {fileID: 11500000, guid: 4e77400396842354c9d4602e7fc42b41, type: 3}
  m_Name: 
  m_EditorClassIdentifier: 
  Entry: DefaultString
  IsPlainText: 0
  Text: {fileID: 1550513691483960271}
--- !u!1 &4788376312537422522
GameObject:
  m_ObjectHideFlags: 0
  m_CorrespondingSourceObject: {fileID: 0}
  m_PrefabInstance: {fileID: 0}
  m_PrefabAsset: {fileID: 0}
  serializedVersion: 6
  m_Component:
  - component: {fileID: 2576634918885018318}
  - component: {fileID: 9185461451865452569}
  - component: {fileID: 3158171931576008493}
  - component: {fileID: 1429431439}
  m_Layer: 5
  m_Name: TaskText
  m_TagString: Untagged
  m_Icon: {fileID: 0}
  m_NavMeshLayer: 0
  m_StaticEditorFlags: 0
  m_IsActive: 1
--- !u!224 &2576634918885018318
RectTransform:
  m_ObjectHideFlags: 0
  m_CorrespondingSourceObject: {fileID: 0}
  m_PrefabInstance: {fileID: 0}
  m_PrefabAsset: {fileID: 0}
  m_GameObject: {fileID: 4788376312537422522}
  m_LocalRotation: {x: -0, y: -0, z: -0, w: 1}
  m_LocalPosition: {x: 0, y: 0, z: 0}
  m_LocalScale: {x: 1, y: 1, z: 1}
  m_ConstrainProportionsScale: 0
  m_Children: []
  m_Father: {fileID: 5115386864935740474}
  m_LocalEulerAnglesHint: {x: 0, y: 0, z: 0}
  m_AnchorMin: {x: 0.36900002, y: 1}
  m_AnchorMax: {x: 0.6796042, y: 1}
  m_AnchoredPosition: {x: -209, y: -286}
  m_SizeDelta: {x: 343.84, y: 313.7964}
  m_Pivot: {x: 0, y: 1}
--- !u!222 &9185461451865452569
CanvasRenderer:
  m_ObjectHideFlags: 0
  m_CorrespondingSourceObject: {fileID: 0}
  m_PrefabInstance: {fileID: 0}
  m_PrefabAsset: {fileID: 0}
  m_GameObject: {fileID: 4788376312537422522}
  m_CullTransparentMesh: 1
--- !u!114 &3158171931576008493
MonoBehaviour:
  m_ObjectHideFlags: 0
  m_CorrespondingSourceObject: {fileID: 0}
  m_PrefabInstance: {fileID: 0}
  m_PrefabAsset: {fileID: 0}
  m_GameObject: {fileID: 4788376312537422522}
  m_Enabled: 1
  m_EditorHideFlags: 0
  m_Script: {fileID: 11500000, guid: f4688fdb7df04437aeb418b961361dc5, type: 3}
  m_Name: 
  m_EditorClassIdentifier: 
  m_Material: {fileID: 0}
  m_Color: {r: 1, g: 1, b: 1, a: 1}
  m_RaycastTarget: 1
  m_RaycastPadding: {x: 0, y: 0, z: 0, w: 0}
  m_Maskable: 1
  m_OnCullStateChanged:
    m_PersistentCalls:
      m_Calls: []
  m_text: Text
  m_isRightToLeft: 0
  m_fontAsset: {fileID: 11400000, guid: 15772b5be575e4ff1af863c4edbf6be8, type: 2}
  m_sharedMaterial: {fileID: -8088305349143585257, guid: 15772b5be575e4ff1af863c4edbf6be8,
    type: 2}
  m_fontSharedMaterials: []
  m_fontMaterial: {fileID: 0}
  m_fontMaterials: []
  m_fontColor32:
    serializedVersion: 2
    rgba: 4280907519
  m_fontColor: {r: 1, g: 0.4627451, b: 0.16078432, a: 1}
  m_enableVertexGradient: 0
  m_colorMode: 3
  m_fontColorGradient:
    topLeft: {r: 1, g: 1, b: 1, a: 1}
    topRight: {r: 1, g: 1, b: 1, a: 1}
    bottomLeft: {r: 1, g: 1, b: 1, a: 1}
    bottomRight: {r: 1, g: 1, b: 1, a: 1}
  m_fontColorGradientPreset: {fileID: 0}
  m_spriteAsset: {fileID: 0}
  m_tintAllSprites: 0
  m_StyleSheet: {fileID: 0}
  m_TextStyleHashCode: -1183493901
  m_overrideHtmlColors: 0
  m_faceColor:
    serializedVersion: 2
    rgba: 4294967295
  m_fontSize: 40
  m_fontSizeBase: 40
  m_fontWeight: 400
  m_enableAutoSizing: 0
  m_fontSizeMin: 18
  m_fontSizeMax: 72
  m_fontStyle: 0
  m_HorizontalAlignment: 1
  m_VerticalAlignment: 256
  m_textAlignment: 65535
  m_characterSpacing: 0
  m_wordSpacing: 0
  m_lineSpacing: 0
  m_lineSpacingMax: 0
  m_paragraphSpacing: 0
  m_charWidthMaxAdj: 0
  m_enableWordWrapping: 1
  m_wordWrappingRatios: 0.4
  m_overflowMode: 0
  m_linkedTextComponent: {fileID: 0}
  parentLinkedComponent: {fileID: 0}
  m_enableKerning: 1
  m_enableExtraPadding: 0
  checkPaddingRequired: 0
  m_isRichText: 1
  m_parseCtrlCharacters: 1
  m_isOrthographic: 1
  m_isCullingEnabled: 0
  m_horizontalMapping: 0
  m_verticalMapping: 0
  m_uvLineOffset: 0
  m_geometrySortingOrder: 0
  m_IsTextObjectScaleStatic: 0
  m_VertexBufferAutoSizeReduction: 0
  m_useMaxVisibleDescender: 1
  m_pageToDisplay: 1
  m_margin: {x: 0, y: 0, z: 0, w: 0}
  m_isUsingLegacyAnimationComponent: 0
  m_isVolumetricText: 0
  m_hasFontAssetChanged: 0
  m_baseMaterial: {fileID: 0}
  m_maskOffset: {x: 0, y: 0, z: 0, w: 0}
--- !u!114 &1429431439
MonoBehaviour:
  m_ObjectHideFlags: 0
  m_CorrespondingSourceObject: {fileID: 0}
  m_PrefabInstance: {fileID: 0}
  m_PrefabAsset: {fileID: 0}
  m_GameObject: {fileID: 4788376312537422522}
  m_Enabled: 1
  m_EditorHideFlags: 0
  m_Script: {fileID: 11500000, guid: 4e77400396842354c9d4602e7fc42b41, type: 3}
  m_Name: 
  m_EditorClassIdentifier: 
  Entry: DefaultString
  IsPlainText: 0
  Text: {fileID: 3158171931576008493}
--- !u!1001 &3343512898270404857
PrefabInstance:
  m_ObjectHideFlags: 0
  serializedVersion: 2
  m_Modification:
    serializedVersion: 3
    m_TransformParent: {fileID: 0}
    m_Modifications:
    - target: {fileID: 308582765257888389, guid: eb71c0f18f917f40986451d8c9b92ca0,
        type: 3}
      propertyPath: m_RootOrder
      value: 2
      objectReference: {fileID: 0}
    - target: {fileID: 1433140815615073975, guid: eb71c0f18f917f40986451d8c9b92ca0,
        type: 3}
      propertyPath: m_Color.b
      value: 0.24528301
      objectReference: {fileID: 0}
    - target: {fileID: 1433140815615073975, guid: eb71c0f18f917f40986451d8c9b92ca0,
        type: 3}
      propertyPath: m_Color.g
      value: 0
      objectReference: {fileID: 0}
    - target: {fileID: 1433140815615073975, guid: eb71c0f18f917f40986451d8c9b92ca0,
        type: 3}
      propertyPath: m_Color.r
      value: 0.059555825
      objectReference: {fileID: 0}
    - target: {fileID: 3045988971713919061, guid: eb71c0f18f917f40986451d8c9b92ca0,
        type: 3}
      propertyPath: m_IsActive
      value: 0
      objectReference: {fileID: 0}
    - target: {fileID: 3792465523572346665, guid: eb71c0f18f917f40986451d8c9b92ca0,
        type: 3}
      propertyPath: m_IsActive
      value: 0
      objectReference: {fileID: 0}
    - target: {fileID: 7479747124825278274, guid: eb71c0f18f917f40986451d8c9b92ca0,
        type: 3}
      propertyPath: m_Name
      value: BaseTaskWindow
      objectReference: {fileID: 0}
    - target: {fileID: 8468276478036632757, guid: eb71c0f18f917f40986451d8c9b92ca0,
        type: 3}
      propertyPath: m_Pivot.x
      value: 0.5
      objectReference: {fileID: 0}
    - target: {fileID: 8468276478036632757, guid: eb71c0f18f917f40986451d8c9b92ca0,
        type: 3}
      propertyPath: m_Pivot.y
      value: 0.5
      objectReference: {fileID: 0}
    - target: {fileID: 8468276478036632757, guid: eb71c0f18f917f40986451d8c9b92ca0,
        type: 3}
      propertyPath: m_RootOrder
      value: 0
      objectReference: {fileID: 0}
    - target: {fileID: 8468276478036632757, guid: eb71c0f18f917f40986451d8c9b92ca0,
        type: 3}
      propertyPath: m_AnchorMax.x
      value: 1
      objectReference: {fileID: 0}
    - target: {fileID: 8468276478036632757, guid: eb71c0f18f917f40986451d8c9b92ca0,
        type: 3}
      propertyPath: m_AnchorMax.y
      value: 1
      objectReference: {fileID: 0}
    - target: {fileID: 8468276478036632757, guid: eb71c0f18f917f40986451d8c9b92ca0,
        type: 3}
      propertyPath: m_AnchorMin.x
      value: 0
      objectReference: {fileID: 0}
    - target: {fileID: 8468276478036632757, guid: eb71c0f18f917f40986451d8c9b92ca0,
        type: 3}
      propertyPath: m_AnchorMin.y
      value: 0
      objectReference: {fileID: 0}
    - target: {fileID: 8468276478036632757, guid: eb71c0f18f917f40986451d8c9b92ca0,
        type: 3}
      propertyPath: m_SizeDelta.x
      value: 0
      objectReference: {fileID: 0}
    - target: {fileID: 8468276478036632757, guid: eb71c0f18f917f40986451d8c9b92ca0,
        type: 3}
      propertyPath: m_SizeDelta.y
      value: 0
      objectReference: {fileID: 0}
    - target: {fileID: 8468276478036632757, guid: eb71c0f18f917f40986451d8c9b92ca0,
        type: 3}
      propertyPath: m_LocalPosition.x
      value: 0
      objectReference: {fileID: 0}
    - target: {fileID: 8468276478036632757, guid: eb71c0f18f917f40986451d8c9b92ca0,
        type: 3}
      propertyPath: m_LocalPosition.y
      value: 0
      objectReference: {fileID: 0}
    - target: {fileID: 8468276478036632757, guid: eb71c0f18f917f40986451d8c9b92ca0,
        type: 3}
      propertyPath: m_LocalPosition.z
      value: 0
      objectReference: {fileID: 0}
    - target: {fileID: 8468276478036632757, guid: eb71c0f18f917f40986451d8c9b92ca0,
        type: 3}
      propertyPath: m_LocalRotation.w
      value: 1
      objectReference: {fileID: 0}
    - target: {fileID: 8468276478036632757, guid: eb71c0f18f917f40986451d8c9b92ca0,
        type: 3}
      propertyPath: m_LocalRotation.x
      value: 0
      objectReference: {fileID: 0}
    - target: {fileID: 8468276478036632757, guid: eb71c0f18f917f40986451d8c9b92ca0,
        type: 3}
      propertyPath: m_LocalRotation.y
      value: 0
      objectReference: {fileID: 0}
    - target: {fileID: 8468276478036632757, guid: eb71c0f18f917f40986451d8c9b92ca0,
        type: 3}
      propertyPath: m_LocalRotation.z
      value: 0
      objectReference: {fileID: 0}
    - target: {fileID: 8468276478036632757, guid: eb71c0f18f917f40986451d8c9b92ca0,
        type: 3}
      propertyPath: m_AnchoredPosition.x
      value: 0
      objectReference: {fileID: 0}
    - target: {fileID: 8468276478036632757, guid: eb71c0f18f917f40986451d8c9b92ca0,
        type: 3}
      propertyPath: m_AnchoredPosition.y
      value: 0
      objectReference: {fileID: 0}
    - target: {fileID: 8468276478036632757, guid: eb71c0f18f917f40986451d8c9b92ca0,
        type: 3}
      propertyPath: m_LocalEulerAnglesHint.x
      value: 0
      objectReference: {fileID: 0}
    - target: {fileID: 8468276478036632757, guid: eb71c0f18f917f40986451d8c9b92ca0,
        type: 3}
      propertyPath: m_LocalEulerAnglesHint.y
      value: 0
      objectReference: {fileID: 0}
    - target: {fileID: 8468276478036632757, guid: eb71c0f18f917f40986451d8c9b92ca0,
        type: 3}
      propertyPath: m_LocalEulerAnglesHint.z
      value: 0
      objectReference: {fileID: 0}
    m_RemovedComponents:
    - {fileID: 5149922272683798416, guid: eb71c0f18f917f40986451d8c9b92ca0, type: 3}
    - {fileID: 1102763373100731631, guid: eb71c0f18f917f40986451d8c9b92ca0, type: 3}
    m_RemovedGameObjects: []
    m_AddedGameObjects:
    - targetCorrespondingSourceObject: {fileID: 7537629415348995267, guid: eb71c0f18f917f40986451d8c9b92ca0,
        type: 3}
      insertIndex: -1
      addedObject: {fileID: 6266317702790983915}
    - targetCorrespondingSourceObject: {fileID: 7537629415348995267, guid: eb71c0f18f917f40986451d8c9b92ca0,
        type: 3}
      insertIndex: -1
      addedObject: {fileID: 2576634918885018318}
    m_AddedComponents:
    - targetCorrespondingSourceObject: {fileID: 2748713904747081941, guid: eb71c0f18f917f40986451d8c9b92ca0,
        type: 3}
      insertIndex: -1
      addedObject: {fileID: 2390081224449403926}
  m_SourcePrefab: {fileID: 100100000, guid: eb71c0f18f917f40986451d8c9b92ca0, type: 3}
--- !u!1 &595583456436047916 stripped
GameObject:
  m_CorrespondingSourceObject: {fileID: 2748713904747081941, guid: eb71c0f18f917f40986451d8c9b92ca0,
    type: 3}
  m_PrefabInstance: {fileID: 3343512898270404857}
  m_PrefabAsset: {fileID: 0}
--- !u!114 &2390081224449403926
MonoBehaviour:
  m_ObjectHideFlags: 0
  m_CorrespondingSourceObject: {fileID: 0}
  m_PrefabInstance: {fileID: 0}
  m_PrefabAsset: {fileID: 0}
  m_GameObject: {fileID: 595583456436047916}
  m_Enabled: 1
  m_EditorHideFlags: 0
  m_Script: {fileID: 11500000, guid: 4e77400396842354c9d4602e7fc42b41, type: 3}
  m_Name: 
  m_EditorClassIdentifier: 
  Entry: ButtonBack
  IsPlainText: 0
  Text: {fileID: 3995613856991160541}
--- !u!114 &3995613856991160541 stripped
MonoBehaviour:
  m_CorrespondingSourceObject: {fileID: 1807578313616394276, guid: eb71c0f18f917f40986451d8c9b92ca0,
    type: 3}
  m_PrefabInstance: {fileID: 3343512898270404857}
  m_PrefabAsset: {fileID: 0}
  m_GameObject: {fileID: 595583456436047916}
  m_Enabled: 1
  m_EditorHideFlags: 0
  m_Script: {fileID: 11500000, guid: f4688fdb7df04437aeb418b961361dc5, type: 3}
  m_Name: 
  m_EditorClassIdentifier: 
--- !u!224 &5115386864935740474 stripped
RectTransform:
  m_CorrespondingSourceObject: {fileID: 7537629415348995267, guid: eb71c0f18f917f40986451d8c9b92ca0,
    type: 3}
  m_PrefabInstance: {fileID: 3343512898270404857}
  m_PrefabAsset: {fileID: 0}
